2259 3550
80 1854 127 1895 'w

256 133 344 190 86·
1056 133 1163 189 III

154 235 181 245 ““
254 235 584 301 occiderunt,
626 237 837 302 maguis
874 237 967 304 qui
1002 236 1262 304 gentibus
1297 235 1706 304 imperitarunt„

253 310 343 364 ille
368 327 589 379 quoque
618 311 749 380 ipse,
775 312 915 364 viam
938 315 1031 381 qui
1056 311 1333 380 quondam
1357 327 1458 380 per
1479 327 1634 366 mare
1655 313 1914 382 magnum

252 387 450 441 stravit
483 387 699 456 iterque
737 387 893 442 dedit
929 388 1230 456 legionibus
1265 387 1346 442 ire
1380 403 1482 458 per
1516 388 1690 442 altuni
1868 393 1966 445 1‘030

255 479 317 516 ac
353 461 585 531 pedibus
624 463 794 517 salsas
830 463 1015 518 docuit
1053 479 1312 533 superare
1346 463 1569 518 lucunas

258 543 314 591 et
350 538 640 592 contemsit
678 539 831 607 equis
866 537 1134 593 insultans
1168 556 1452 593 murmura
1484 541 1656 608 ponti,

254 615 456 668 lumine
490 613 749 681 adempto
788 615 1021 668 animam
1061 615 1386 669 moribundo
1423 632 1650 682 corpore
1681 615 1844 670 fudit.

256 690 550 759 Qas,
589 691 715 744 belli
752 691 975 759 fulmen,
1014 691 1362 759 Carthaginis
1397 690 1608 757 horror,

154 789 176 835 χ
214 757 226 766 “
258 782 382 820 ossa
418 765 575 820 dedit
609 771 793 821 terrae
826 767 1059 835 proinde
1094 784 1159 820 ac
1191 767 1360 821 famul
1396 767 1614 821 infimus
1651 772 1810 823 esset.
1861 783 1958 823 1035

258 842 403 898 adde
439 846 751 910 repertores
788 843 1161 897 doctrinarum
1197 848 1365 913 atque
1400 844 1663 914 leporum,

254 917 399 972 adde
438 917 857 972 Heliconiadum
894 919 1154 986 comites;
1188 935 1419 988 quorum
1456 935 1595 973 unus
1637 921 1909 990 issqmgms

258 998 475 1062 sceptra
511 993 721 1063 potitus
760 994 954 1048 eadem
990 995 1109 1048 aliis
1147 995 1342 1064 sopitu'
1380 995 1636 1064 quietest.

255 1071 489 1138 denique
529 1068 903 1124 Democritum
947 1074 1239 1140 postquam
1275 1075 1494 1126 matura
1529 1075 1775 1126 vetustas

253 1133 836 1200 admonuitffim'mores
870 1151 1053 1201 motus
1089 1148 1438 1216 languescere
1473 1149 1686 1212 mentiS,
1869 1163 1963 1202 1040

256 1226 450 1291 sponte
486 1239 583 1277 sua
618 1224 730 1278 leto
765 1230 932 1292 caput
968 1225 1158 1278 obvius
1196 1223 1396 1292 optulit
1431 1223 1559 1292 ipse.

254 1375 345 1442 qui
381 1392 555 1444 genus
590 1376 884 1430 humanum
920 1376 1138 1444 ingenio
1174 1375 1452 1444 superavit
1487 1378 1546 1429 et
1583 1377 1755 1430 omnis

256 1451 555 1517 restiucxit,
596 1452 781 1505 stellas
818 1457 1041 1506 exortus
1078 1454 1142 1505 ut
1178 1450 1454 1505 aetherius
1489 1451 1584 1505 sol.

194 1301 371 1482 usipse
410 1299 673 1368 Epicurus
709 1299 828 1354 obit
864 1300 1094 1354 decurso
1130 1300 1332 1353 lumine
1368 1299 1528 1367 vitae,

184 1545 189 1554 ’
254 1536 338 1580 tu·
422 1544 483 1581 ro
522 1528 799 1580 dubitabis
837 1532 895 1581 et
932 1527 1288 1596 indignabere
1323 1527 1507 1581 obire?
1868 1541 1962 1582 1015

82 1657 92 1669 ,
128 1607 170 1680 J·
255 1543 738 1682 imma
774 1609 859 1656 est
896 1620 1067 1671 prope
1103 1605 1210 1656 iam
1248 1604 1368 1678 viro
1406 1607 1574 1691 atqure
1597 1604 1848 1690 lid-enti,-

144 1719 187 1749 ,„-
252 1678 343 1745 ‹iui
382 1695 570 1732 somno
604 1669 817 1746 partein
844 1673 1393 1733 'iiiaioren1‘·conteris
1429 1675 1544 1733 aevi
1576 1679 1587 1686 '

138 1753 177 1823 ᾖ*
216 1788 233 1800 r
253 1760 310 1809 et
346 1755 571 1823 vigilans
608 1755 795 1809 stertis
833 1772 931 1808 nec
968 1756 1179 1810 somnia
1214 1772 1439 1811 cernere
1474 1771 1652 1810 cessas

193 1827 205 1844 ⁸
251 1832 645 1899 sollicitamque
680 1833 827 1899 geris
861 1848 1013 1885 cassa
1046 1832 1338 1886 formidine
1373 1836 1616 1886 mentem

212 1950 223 1961 .
243 1924 350 1981 ‚nec
385 1909 627 1976 reperire
662 1912 819 1975 potes
856 1907 956 1961 tibi
997 1908 1129 1975 quid
1169 1910 1242 1961 sit
1277 1925 1442 1977 saepe
1475 1908 1622 1975 mali,
1657 1924 1782 1963 cum
1868 1922 1962 1963 1⁰50

252 1984 435 2038 ebrius
470 1984 681 2051 urgeris
718 1983 903 2036 multis
939 1985 1105 2037 miser
1141 1984 1380 2052 undiquc
1417 1984 1559 2039 curis

74 2092 85 2103 ι
251 2064 416 2129 atque
453 2060 614 2113 animi
653 2060 859 2113 incerto
897 2059 1113 2113 fluit-ans
1152 2077 1338 2114 errore
1375 2060 1619 2128 vagaris?

320 2137 375 2191 Si
414 2140 636 2205 possent
671 2136 932 2202 homineS,
967 2136 1200 2204 proinde
1235 2153 1298 2189 ac
1335 2136 1538 2190 sentire
1573 2136 1831 2190 videntur

250 2214 463 2279 pondus
496 2214 676 2267 inesse
712 2213 891 2265 animo
930 2212 1076 2280 quod
1115 2229 1174 2267 se
1209 2213 1480 2281 gravitate
1515 2212 1727 2280 fatiget,

250 2307 280 2343 c
316 2289 517 2359 quibus
554 2288 611 2340 id
650 2288 748 2340 fiat
786 2289 960 2341 causis
998 2305 1215 2356 quoque
1253 2305 1476 2343 noscere
1510 2291 1569 2342 et
1603 2287 1750 2341 unde
1867 2302 1962 2342 1055

252 2371 405 2420 tanta
443 2364 567 2418 mali
606 2370 883 2433 tamquam
920 2365 1092 2417 moles
1131 2368 1184 2417 in
1223 2368 1444 2433 pectore
1479 2368 1707 2425 constet,

250 2443 382 2497 haut
418 2442 497 2495 ita
534 2440 703 2494 vitam
739 2445 981 2507 agerent,
1018 2446 1083 2494 ut
1117 2458 1260 2495 nunc
1296 2442 1614 2509 plerumque
1653 2440 1900 2493 videmus

248 2519 381 2587 quid
419 2518 523 2570 sibi
562 2517 794 2585 quisque
830 2517 963 2569 velit
998 2517 1210 2571 nescire
1245 2523 1304 2571 et
1339 2531 1606 2586 quaerere
1643 2532 1856 2583 semper

250 2596 583 2647 commutare
620 2592 797 2645 locum
836 2593 990 2659 quasi
1030 2608 1166 2645 onus
1202 2593 1474 2662 deponere
1508 2590 1693 2659 possit.

247 2670 364 2723 exit
403 2684 565 2736 saepe
602 2668 746 2719 foras
783 2668 995 2733 magnis
1031 2684 1099 2721 ex
1137 2669 1364 2722 aedibus
1399 2668 1505 2736 ille,
1867 2681 1965 2721 1000

248 2763 367 2801 esse
404 2744 549 2798 domi
590 2759 750 2811 quem
788 2748 1171 2811 pertaesumst,
1211 2746 1500 2812 subitoque
1535 2743 1783 2810 revertit,

248 2824 449 2893 quippe
485 2820 615 2873 foris
653 2818 764 2871 nilo
800 2818 994 2871 melius
1031 2821 1123 2887 qui
1166 2822 1366 2873 sentiat
1401 2836 1537 2874 esse.

249 2902 419 2955 currit
457 2915 624 2966 agens
662 2910 887 2947 mannos
924 2895 995 2947 ad
1031 2898 1215 2951 villam
1252 2896 1690 2967 praecipitanter,

248 2978 506 3031 auxilium
544 2973 706 3027 tectis
743 2971 896 3038 quasi
936 2972 1078 3025 ferre
1115 2974 1437 3029 ardentibus
1471 2973 1710 3031 instaus3

246 3056 441 3107 oscitat
476 3048 768 3116 extemp10‚
804 3046 993 3113 tetigit
1028 3065 1153 3101 cum
1189 3050 1378 3103 limina
1412 3050 1589 3113 villae,
1867 3060 1964 3101 1005

247 3132 343 3184 aut
378 3128 492 3183 abit
528 3128 583 3179 in
621 3137 867 3177 somnum
903 3124 1085 3190 gravis
1120 3129 1288 3193 atquc
1325 3126 1521 3180 oblivia
1555 3121 1788 3189 quaerit,

250 3210 345 3260 aut
380 3204 545 3258 etiam
580 3212 876 3267 properans
912 3200 1102 3254 urbem
1141 3201 1285 3267 petit
1321 3208 1489 3270 atque
1523 3197 1729 3253 revisit.
