2259 3550
300 93 413 150 180
1102 85 1200 140 Vl

292 195 585 264 extemplo.
602 195 827 264 penitus
855 193 1102 259 frigescit
1136 196 1287 246 terra
1321 191 1553 258 coitque.
1933 203 2016 246 805

292 273 396 328 hac
428 270 743 326 ratione-fit
776 273 855 337 ut,
892 273 1173 338 tamquam
1207 283 1522 337 compressa
1555 281 1719 322 manu
1754 265 1847 332 sit,

292 349 567 418 exprimat
588 347 647 400 in
668 347 875 400 fontem
894 360 1036 415 quae
1060 344 1268 398 semina
1291 359 1524 411 cumque
1549 342 1718 398 habet
1739 343 1903 411 ignis,
1925 405 1938 411 p

290 441 431 494 quae
465 423 700 477 calidum
735 423 944 475 faciunt
976 425 1156 489 aqfiae
1189 424 1399 476 tactum
1433 424 1602 490 atque
1637 437 1908 490 saporem.

290 501 421 554 inde
454 499 550 552 ubi
586 499 667 553 sol
702 498 871 551 radiis
908 501 1113 551 terram
1149 496 1381 550 dimovit
1414 497 1641 552 obortus

294 580 353 630 ct
387 575 646 630 rarefecit
680 574 858 628 calido
894 574 1160 642 gliscente
1195 589 1412 642 vapore,
1933 587 2020 627 870

291 668 481 706 rursus
514 652 573 704 in
606 651 857 719 antiquas
892 650 1129 704 redeunt
1165 650 1466 719 primordia
1499 649 1662 706 sedes

291 729 435 796 ignis
468 732 528 782 et
562 728 619 781 in
654 731 861 782 terram
898 727 1047 781 cedit
1082 725 1230 780 calor
1259 725 1440 780 ‚omnis
1475 727 1650 794 aquai.

292 805 521 873 frigidus
556 804 692 858 hanc
730 803 803 858 ob
838 820 955 857 rem
992 803 1057 856 fit
1092 803 1212 856 sons
1245 802 1304 856 in
1339 802 1460 856 luce
1495 803 1704 856 diurna.

292 884 583 950 praeterea
618 880 747 934 solis
780 880 951 933 radiis
984 880 1222 933 iactatur
1255 879 1418 948 aquai

292 973 451 1010 umor
486 959 545 1010 et
580 956 637 1008 in
672 956 847 1010 lucem
884 955 1121 1010 tremulo
1157 956 1390 1010 rarescit
1423 954 1495 1009 ab
1529 960 1718 1022 aestu3
1931 970 2020 1012 8⁷5

292 1036 587 1102 propterea
620 1032 686 1085 fit
720 1033 804 1086 uti
841 1048 981 1100 quae
1018 1031 1225 1086 semina
1259 1048 1490 1100 cumque
1523 1032 1692 1089 habet
1723 1033 1871 1100 ignis

293 1109 571 1173 dimittat;
606 1108 761 1177 quasi
796 1125 958 1176 saepe
993 1107 1192 1176 gelum,
1225 1107 1376 1178 quod
1411 1109 1658 1166 continet
1689 1109 1746 1162 in
1781 1125 1860 1176 se,

396 1185 468 1238 tit
502 1188 560 1239 et
595 1184 802 1238 exolvit
837 1184 1066 1253 glaciem
1103 1184 1383 1252 nodosque
1419 1185 1658 1246 relaxat„

338 1163 367 1197 -e

292 1202 327 1237 n

200 1188 623 1392 firigidus
657 1264 744 1316 est
779 1263 946 1316 etiam
981 1261 1116 1328 fons,
1154 1277 1322 1330 supra
1353 1278 1518 1330 quem
1553 1261 1662 1315 sita
1696 1277 1862 1330 saepe

154 1374 177 1390 .
230 1381 243 1397 ,
321 1341 495 1408 tuppa
528 1338 661 1392 iacit
693 1338 965 1391 flammam
1002 1341 1267 1404 concepto
1300 1337 1552 1406 protinus
1586 1337 1714 1406 igni,
1930 1352 2022 1391 aso

88 1393 206 1503 s
294 1414 565 1482 taedaque
599 1413 862 1467 consimili
899 1413 1109 1467 ratione
1145 1429 1374 1468 accensa
1406 1431 1508 1483 per
1540 1414 1718 1470 undas

292 1489 556 1566 conlucet,
593 1505 933 1560 quocumque
968 1493 1164 1544 natans
1197 1489 1498 1558 impellitur
1531 1491 1691 1547 auris,

294 1565 548 1619 nimirum
585 1566 713 1634 quia
748 1568 878 1619 sunt
913 1565 969 1619 in
1005 1581 1150 1634 aqua
1184 1566 1460 1634 permulta
1493 1566 1710 1635 vaporis

293 1641 501 1694 semina
536 1640 607 1694 de
640 1643 901 1707 terraque
936 1647 1212 1694 necessest
1247 1640 1496 1696 funditus
1531 1643 1650 1712 ipsa

292 1717 436 1785 ignis
470 1732 701 1787 corpora
736 1732 836 1785 per
872 1720 1052 1770 totum
1091 1733 1422 1787 consurgere
1457 1719 1664 1774 fontem
1927 1734 2016 1774 88⁵

296 1796 355 1847 ct
390 1793 551 1846 simul
586 1793 869 1862 exspirare
905 1794 1051 1847 foras
1088 1796 1348 1864 exireque
1383 1795 1438 1847 in
1474 1812 1649 1863 auraS,

294 1886 400 1922 non
436 1870 515 1923 ita
550 1870 725 1923 multa
759 1872 961 1936 tamen,
997 1869 1207 1924 calidus
1243 1874 1410 1939 queat
1445 1876 1511 1925 ut
1545 1872 1665 1925 fieri
1697 1871 1834 1939 fone,

296 1948 589 2014 propterea
622 1946 870 2015 dispersa
904 1946 1047 1999 foras
1084 1963 1376 2015 erumpere
1411 1947 1560 2015 cogit

295 2022 377 2075 vis
413 2038 513 2089 per
546 2038 744 2091 aquam
782 2022 965 2075 subito
1000 2038 1325 2091 sursumque
1359 2038 1426 2076 ea
1459 2022 1742 2077 conciliari.

297 2098 444 2166 quod
466 2115 639 2165 genus
664 2098 807 2153 endo
832 2101 1025 2151 marist
1053 2098 1230 2151 Aradi
1249 2098 1384 2165 fone,
1409 2098 1584 2153 dulcis
1607 2100 1764 2168 aquai
1929 2115 2018 2155 890

296 2175 389 2243 qui
424 2175 587 2229 scatit
622 2180 681 2229 et
716 2174 883 2229 salsas
920 2176 1119 2229 circum
1157 2191 1216 2228 se
1252 2174 1495 2229 dimovet
1528 2176 1704 2229 undas
1719 2196 1732 2241 3

296 2253 355 2305 et
390 2250 579 2304 multis
614 2251 735 2305 aliis
768 2252 998 2319 praebet
1033 2250 1348 2317 regionibus
1383 2267 1588 2319 aequor

297 2325 594 2380 utilitatem
630 2331 990 2397 opportunam
1028 2326 1326 2381 sitientibu'
1361 2327 1560 2394 nautis,

296 2402 445 2470 quod
480 2402 654 2458 dulcis
688 2404 834 2457 inter
869 2404 1039 2458 salsas
1075 2403 1393 2458 intervomit
1425 2402 1616 2458 undas.

294 2478 373 2532 sic
406 2478 578 2547 igitur
609 2496 709 2548 per
744 2496 868 2533 eum
903 2484 1131 2550 possunt
1167 2496 1456 2548 erumpere
1491 2480 1701 2533 fontem
1927 2492 2014 2534 896

295 2558 356 2608 et
390 2559 601 2610 scatere
636 2556 729 2609 illa
763 2556 909 2610 foras
940 2556 997 2609 in
1034 2560 1292 2625 stuppam
1329 2555 1564 2621 semina3
1596 2572 1704 2623 quo
1738 2571 1859 2609 cum

294 2632 622 2686 conveniunt
655 2637 753 2686 aut
785 2633 842 2685 in
878 2633 1061 2687 taedai
1098 2648 1325 2701 corpore
1361 2631 1676 2697 adhaerent,

294 2706 591 2763 ardescunt
624 2708 783 2763 facile
818 2710 1111 2779 extemplo,
1153 2709 1280 2777 quia
1313 2708 1486 2761 multa
1523 2723 1740 2776 quoque
1773 2706 1830 2759 in
1866 2723 1930 2764 se

294 2784 503 2837 semina
536 2784 745 2839 habent
780 2786 920 2853 ignis
958 2790 1191 2855 stuppae
1226 2784 1532 2853 taedaeque
1567 2784 1800 2844 latentis.

294 2876 473 2913 nonne
507 2860 661 2914 vides
697 2862 879 2928 etiam,
918 2867 1187 2916 nocturna
1222 2860 1296 2915 ad
1329 2860 1535 2914 lumina
1566 2860 1739 2915 linum
1926 2874 2012 2918 90⁰

294 2951 470 3002 nuper
502 2936 599 2991 ubi
635 2938 941 2992 extinctum
978 2939 1283 3005 admoveas,
1317 2936 1602 2991 accendier
1635 2939 1767 2994 ante

294 3025 460 3075 quam
494 3012 683 3079 tetigit
719 3013 1007 3079 flammam,
1044 3014 1377 3081 taedamque
1410 3011 1532 3081 pari
1567 3012 1814 3067 ratione?

292 3082 574 3152 multaque
606 3092 897 3153 praeterea
930 3088 1085 3157 prius
1119 3088 1239 3156 ipso
1274 3090 1427 3140 tacta
1460 3103 1666 3155 vapore

292 3156 502 3210 eminus
533 3160 832 3215 ardescunt
867 3178 1031 3229 quam
1066 3162 1366 3221 comminus
1400 3161 1610 3213 imbuat
1649 3160 1800 3228 ignis,
