2259 3550
287 102 399 162 116
1054 92 1196 150 1111

280 207 389 260 oris
424 210 481 260 et
518 207 781 274 inspirant
815 205 1129 274 pressantes
1164 201 1421 258 dentibus
1457 221 1568 273 ora,

280 283 625 350 nequiquam,
660 282 912 348 quoniam
948 279 1022 332 nil
1060 278 1190 333 inde
1225 279 1495 334 abradere
1527 284 1756 349 possunt
1889 297 1988 338 1110

280 374 379 412 nee
415 361 707 426 penetrare
740 361 799 410 et
834 356 985 409 abire
1018 356 1077 408 in
1114 373 1312 426 corpus
1351 373 1578 426 corpore
1615 361 1762 424 tot03

278 450 404 486 nam
441 433 621 486 facere
656 432 932 486 interdum
968 431 1107 486 velle
1145 435 1204 486 et
1237 437 1453 488 certare
1488 434 1771 489 videntur:

278 526 451 579 usque
488 507 625 563 adeo
662 508 861 577 cupide
893 508 951 561 in
989 509 1226 562 Veneris
1259 509 1614 578 compagibus
1649 510 1888 575 haerent,

278 585 523 640 membra
558 585 851 654 voluptatis
888 584 1019 638 dum
1056 585 1109 637 vi
1146 583 1417 640 labefacta
1451 586 1774 656 liquescunt.

275 661 500 716 tandem
534 661 631 715 ubi
666 678 725 715 se
760 661 943 730 erupit
976 662 1164 716 nervis
1203 661 1448 716 conlecta
1483 662 1696 732 cupido,
1886 677 1982 718 1115

278 755 447 806 parva
480 739 546 792 fit
582 737 794 791 ardoris
830 736 1052 790 violenti
1088 754 1262 806 pausa
1293 755 1603 808 parumper.

275 814 404 867 inde
439 814 586 868 redit
620 813 801 867 rabies
836 813 1027 866 eadem
1066 817 1124 867 et
1160 813 1312 866 furor
1349 813 1440 866 ille
1477 814 1680 880 revisit,

278 907 399 944 cum
437 889 540 942 sibi
575 888 709 958 quid
745 889 967 958 cupiant
1001 888 1105 958 ipsi
1141 889 1458 957 contingere
1495 894 1780 958 quaerunt,

278 981 379 1022 nec
412 967 657 1035 reperire
692 965 894 1018 malum
930 965 988 1018 id
1023 968 1253 1034 possunt
1289 979 1436 1034 quae
1465 967 1716 1021 machina
1751 967 1962 1020 vincat:

276 1059 449 1110 usque
485 1041 624 1095 adeo
660 1042 854 1095 incerti
890 1041 1182 1096 tabescunt
1217 1041 1437 1096 volnere
1474 1059 1648 1098 caeco,
1877 1056 1976 1096 1120

28 1137 179 1242 W
200 1101 260 1190 Q
348 1118 513 1171 Adde
548 1119 697 1186 quod
732 1117 1025 1171 absumunt
1060 1118 1188 1172 viris
1223 1123 1564 1188 pereuntque
1599 1119 1800 1185 labore,

278 1194 422 1249 adde
456 1195 603 1263 quod
638 1194 865 1248 alterius
901 1195 1002 1248 sub
1036 1200 1175 1249 nutu
1212 1195 1432 1262 degitur
1467 1199 1634 1249 aetas.

277 1270 478 1325 labitur
512 1272 723 1325 interea
756 1287 846 1324 res
883 1273 940 1324 et
979 1271 1309 1339 Babylonica
1345 1270 1498 1335 fiunt,

276 1347 534 1415 languent
570 1347 745 1401 officia
778 1352 945 1414 atque
980 1350 1232 1414 aegrotat
1265 1347 1411 1400 fama
1447 1348 1715 1402 vacillans,

276 1424 397 1477 huic
432 1424 581 1477 lenta
616 1429 673 1477 et
707 1422 935 1492 pulchra
970 1424 1023 1475 iu
1062 1423 1296 1490 pedibus
1333 1423 1576 1490 Sicyonia
1612 1426 1795 1480 rident
1877 1440 1974 1480 1125

274 1500 478 1554 scilicet
514 1505 573 1554 et
607 1499 846 1568 grandes
881 1499 1041 1552 viridi
1078 1515 1201 1552 eum
1236 1498 1358 1552 luce
1393 1501 1668 1568 zmaragdi

272 1591 403 1628 auro
438 1576 789 1628 includuntur
824 1576 1134 1644 teriturque
1171 1575 1466 1629 thalassina
1501 1577 1666 1630 vestis

273 1651 499 1705 adsidue
534 1656 592 1704 et
632 1651 860 1704 Veneris
896 1653 1154 1706 sudorem
1191 1651 1431 1705 exercita
1465 1656 1636 1720 potat.

272 1730 331 1782 et
364 1727 505 1782 bene
538 1731 695 1795 parta
732 1731 950 1796 patrum
988 1728 1126 1781 fiunt
1163 1727 1500 1795 anademata
1538 1728 1752 1795 mitrae,

269 1804 548 1858 interdum
575 1804 629 1856 in
654 1804 854 1872 pallam
878 1809 1046 1873 atque
1068 1804 1282 1858 indusia
1311 1804 1518 1873 Ciaque
1543 1809 1780 1861 vertunt.
1869 1820 1970 1863 1130

272 1881 471 1934 eximia
505 1885 659 1935 veste
694 1885 753 1935 et
788 1881 938 1934 victu
972 1881 1228 1945 convivia,
1263 1881 1455 1949 lychni,

269 1957 463 2025 pocula
496 1956 702 2022 crebra,
738 1962 1021 2024 unguenta
1054 1972 1286 2011 coronae
1321 1960 1469 2011 serta
1504 1962 1784 2026 parantur,

269 2033 611 2102 nequiquam,
650 2034 899 2100 quoniam
936 2032 1119 2086 medio
1157 2032 1228 2086 de
1261 2032 1414 2087 sonte
1449 2032 1694 2102 leporum

271 2110 446 2177 surgit
482 2110 650 2162 amari
687 2109 879 2175 aliquit
916 2108 1063 2177 quod
1098 2109 1154 2162 in
1191 2109 1324 2177 ipsis
1359 2108 1586 2162 floribus
1622 2115 1802 2178 angat,

270 2190 365 2239 aut
400 2202 523 2239 cum
560 2186 805 2238 conscius
841 2185 959 2254 ipse
998 2185 1210 2238 animus
1245 2201 1305 2237 se
1340 2184 1482 2238 forte
1517 2186 1796 2240 remordet
1872 2200 1970 2241 1135

270 2262 540 2315 desidiose
576 2270 741 2329 agere
778 2266 1015 2314 aetatem
1052 2261 1348 2328 lustrisque
1387 2261 1580 2330 perire,

268 2342 365 2392 aut
399 2337 548 2406 quod
584 2338 637 2390 in
676 2337 928 2404 ambiguo
965 2337 1192 2389 verbum
1228 2336 1462 2391 iaculata
1497 2338 1722 2406 reliquit

218 2466 247 2495 s·
267 2414 415 2482 quod
448 2413 649 2483 cupido
686 2414 925 2466 adfixum
963 2412 1115 2466 cordi
1152 2412 1376 2466 vivescit
1412 2415 1474 2466 ut
1510 2413 1666 2481 ignis,

158 2506 199 2565 “x
268 2492 363 2543 aut
397 2490 623 2543 nimium
664 2490 866 2544 iactare
902 2489 1085 2543 oculos
1121 2488 1354 2543 aliumve
1391 2489 1536 2542 tueri

112 2569 163 2632 1,·
266 2565 412 2633 quod
450 2571 609 2633 putat
645 2568 698 2618 in
734 2566 993 2634 voltuque
1028 2564 1180 2619 videt
1214 2565 1446 2631 vestigia
1481 2566 1636 2619 risuS.
1867 2580 1966 2620 1140

33 2650 63 2707 ’ζ
94 2632 133 2665 '¹
340 2642 527 2709 Atque
546 2644 601 2694 in
621 2658 805 2695 amore
822 2642 965 2694 mala
982 2643 1115 2695 haec
1135 2641 1356 2711 proprio
1375 2656 1692 2710 summeque
1711 2641 1950 2697 secundo

262 2716 641 2776 inveniuntur:
679 2717 730 2769 in
770 2716 999 2770 adverso
1034 2734 1165 2771 vero
1199 2721 1365 2784 atque
1399 2717 1546 2787 inopi
1583 2721 1723 2783 sunt,

264 2793 537 2863 prendere
572 2810 713 2861 quac
749 2793 921 2860 possis
956 2794 1232 2846 oculorum
1269 2793 1472 2847 lumine
1506 2797 1716 2862 operto,

265 2868 709 2930 im111n1erabilia;
748 2872 809 2921 ut
846 2869 1040 2922 melius
1076 2869 1301 2937 vigilare
1339 2869 1410 2923 sit
1445 2873 1590 2935 ante,

265 2962 374 3013 qua.
408 2945 565 2998 docui
605 2946 832 3007 ratione,
868 2961 1174 3013 cavereque
1209 2962 1278 2998 ne
1313 2945 1583 2999 inficiaris,
1865 2960 1960 3000 1145

266 3035 392 3072 nam
428 3020 613 3085 vitare,
650 3020 839 3108 plagas
873 3022 927 3072 in
964 3021 1161 3073 amoris
1196 3036 1266 3072 ne
1301 3021 1574 3087 iaciamur,

265 3110 373 3145 non
407 3094 487 3146 ita
520 3094 741 3149 difficsse
772 3099 861 3149 est
896 3111 1059 3164 quam
1095 3102 1315 3162 captum
1351 3096 1562 3149 retibus
1596 3097 1730 3165 ipsis

266 3167 417 3221 exire
454 3171 512 3219 et
545 3169 755 3223 validos
792 3170 1026 3225 Veneris
1058 3186 1416 3240 perrumpere
1451 3172 1636 3225 nodos

34 2901 87 2945 y.
