2259 3550
214 100 289 157 68
1000 87 1111 158 ΠΙ

209 200 506 255 constituat
542 210 645 287 par
646 192 753 246 ἰῐθι
780 197 1043 266 quosdam
1101 212 1287 261 tamen
1325 213 1418 262 illa
1457 211 1718 281 relinquit

210 280 440 331 naturae
477 275 739 344 cuiusque
777 283 942 336 animi
980 285 1208 353 vestigia
1244 286 1431 354 prima.
1469 309 1476 314 ·

213 369 315 406 neo
348 353 616 414 radicitus
653 377 719 413 ev
722 360 811 413 elli
849 361 992 414 mala
1027 377 1189 429 posse
1225 362 1601 451 putandumst,

216 430 347 502 quin
384 435 678 506 proclivius
712 435 802 488 hic
838 435 947 488 iias
986 436 1248 491 decurrat
1283 438 1355 491 ad
1393 440 1544 502 acria

214 513 307 566 ille
342 517 495 567 metu
532 512 693 565 citius
729 511 893 581 paulo
929 516 1252 582 temptetur,
1288 519 1348 568 at·
1382 514 1472 568 ille

215 591 415 643 tertius
450 589 679 656 accipiat
716 588 986 656 quaedam
1023 590 1346 644 clementius
1382 607 1572 659 aequo,

216 667 383 735 inque
420 666 538 718 aliis
574 665 741 718 rebus
775 665 962 718 multis
998 666 1220 720 differre
1257 671 1534 721 necessest

220 746 441 795 naturas
477 741 754 794 hominum
790 742 968 794 varias
1004 758 1296 810 moresque
1331 743 1607 810 sequacis3

220 834 453 885 quorum
490 835 593 886 ego
629 833 773 870 nunc
807 833 1021 886 nequeo
1059 835 1248 872 caecas
1285 836 1559 888 exponere
1595 835 1784 872 causas

218 911 316 948 nec
352 893 597 963 reperire
634 894 930 962 figurarum
967 897 1053 947 tot
1088 894 1308 948 nomina
1344 898 1481 963 quot
1517 898 1645 948 sunt

220 971 510 1038 principue,
546 969 693 1024 unde
726 970 861 1024 haec
898 972 1074 1024 oritur
1110 972 1375 1024 variantia
1410 988 1612 1024 rerum.

218 1047 355 1100 illud
389 1047 444 1098 in
480 1046 565 1098 his
601 1045 767 1100 rebus
801 1046 993 1100 videor
1028 1047 1248 1100 firmare
1283 1051 1517 1116 potesse,

218 1139 392 1191 usque
429 1123 569 1176 adeo
602 1126 924 1177 naturarum
960 1123 1193 1192 vestigia
1227 1123 1399 1191 linqui

222 1197 458 1268 parvola,
496 1215 637 1268 quae
672 1204 911 1266 nequeat
944 1199 1085 1253 ratio
1121 1199 1399 1267 depellere
1436 1200 1594 1254 nobis

294 1351 449 1404 Haec
484 1351 653 1418 igitur
687 1354 881 1404 natura
916 1355 1140 1406 tenetur
1176 1368 1402 1420 corpore
1437 1350 1508 1404 ab
1541 1353 1690 1405 omni

76 1279 287 1417 Wfflt
322 1274 397 1327 nil
433 1275 683 1342 inpediat
720 1274 845 1342 dign
851 1292 938 1328 am
976 1275 1061 1328 dis
1100 1275 1304 1342 degere
1340 1276 1524 1329 vitam.

54 1369 77 1434 t

52 1697 70 1719 N

97 1432 183 1486 so
219 1429 447 1496 ipsaque
483 1429 722 1496 corporis
761 1434 846 1481 cst
882 1432 1066 1482 custos
1102 1432 1162 1482 et
1197 1445 1357 1482 causa
1395 1428 1614 1492 salutis3

118 1503 175 1554 ’ἵ
219 1520 343 1556 nam
380 1503 753 1556 communibus
788 1504 932 1557 inter
970 1521 1029 1558 se
1064 1503 1342 1558 radicibus
1377 1504 1605 1558 haerent

157 1590 317 1738 ,stiec
354 1580 471 1632 sine
506 1579 747 1646 pernicie
786 1580 971 1632 divelli
1007 1597 1168 1648 posse
1205 1580 1472 1634 videntur

23 1561 145 1694 γλῡτῐ

262 1654 371 1708 uod
406 1671 577 1722 genus
613 1671 644 1708 e
680 1655 855 1708 thuris
892 1655 1099 1722 glaebis
1136 1656 1368 1709 evellere
1405 1656 1627 1709 odorem

44 1763 95 1809 3
88 1749 139 1775 κ
148 1713 366 1786 &haud
402 1730 557 1784 facile
594 1734 680 1785 est
717 1732 847 1799 quin
887 1732 1123 1785 intereat
1162 1737 1358 1785 natura
1395 1748 1612 1802 quoque
1651 1733 1777 1785 eiuS.

55 1823 123 1895 βίᾳ

73 2092 197 2250 ,sis

22 2298 25 2305 '
102 2292 139 2334 j„

56 2333 87 2363 ,s

155 2154 208 2225 μ

216 1810 291 1861 sic
327 1808 491 1861 animi
528 1812 695 1877 atque
732 1809 940 1861 animae
977 1812 1228 1861 naturam
1267 1824 1492 1877 corpore
1527 1812 1646 1861 toto

21 1922 65 1953 e.
79 1886 186 1945 γ*4,’
217 1884 505 1937 extrahere
542 1884 677 1937 haut
711 1884 868 1937 facile
904 1889 990 1937 cst
1026 1885 1158 1953 quin
1196 1884 1374 1937 omnia
1411 1884 1794 1938 dissoluantur

221 1960 449 2028 inplexis
484 1960 564 2013 ita
599 1959 876 2028 principiis
914 1960 983 2013 ab
1020 1961 1230 2027 origine
1265 1960 1441 2028 prima

221 2038 364 2090 inter
401 2053 459 2090 se
496 2036 635 2089 fiunt
670 2037 909 2089 consorti
947 2037 1199 2105 praedita
1234 2038 1347 2090 vita

221 2129 323 2166 nec
362 2112 467 2166 sibi
504 2129 752 2181 quaeque
792 2114 907 2167 sine
942 2113 1170 2166 alterius
1207 2114 1256 2165 vi
1294 2129 1454 2181 posse
1493 2113 1715 2165 videtui

221 2189 459 2257 corporis
498 2192 663 2255 atque
698 2188 863 2242 animi
902 2205 1147 2243 seorsum
1186 2188 1391 2242 sentire
1429 2192 1612 2257 potest
1615 2206 1688 2255 ιε,

222 2265 321 2319 sed
357 2264 730 2318 communibus
766 2264 911 2318 inter
948 2282 1040 2319 eas
1076 2265 1344 2319 conflatur
1377 2264 1656 2333 utrimque

223 2341 461 2395 motibus
498 2356 754 2394 accensus
789 2341 947 2394 nobis
984 2358 1083 2409 per
1118 2342 1326 2394 viscera
1362 2356 1561 2393 sensus.

222 2420 509 2485 praeterea
546 2432 741 2485 corpus
775 2434 876 2487 per
912 2434 971 2471 se
1007 2425 1105 2471 nee
1143 2418 1390 2485 gignitur
1425 2432 1685 2483 umquam

224 2510 325 2547 nee
361 2492 556 2547 crescit
591 2508 769 2561 neque
804 2498 929 2562 post
964 2496 1197 2547 mortem
1236 2494 1436 2546 durare
1472 2491 1704 2545 videtur.

225 2586 329 2622 non
367 2568 526 2635 enim,
563 2573 627 2622 ut
662 2586 818 2622 umor
854 2586 1029 2639 aquae
1066 2570 1298 2623 dimittit
1334 2585 1496 2637 saepe
1531 2584 1785 2635 vaporem

226 2646 320 2714 qui
357 2644 522 2698 datus
556 2649 657 2711 est,
693 2662 870 2713 neque
906 2662 971 2699 ea
1005 2662 1168 2700 causa
1202 2645 1526 2698 convellitur
1560 2644 1691 2712 ipse,

228 2721 326 2775 sed
360 2723 545 2774 manet
580 2722 875 2787 ineolumiS,
912 2738 1035 2788 non,
1070 2722 1308 2789 inquam,
1346 2721 1422 2773 sie
1458 2720 1656 2773 animai

227 2796 514 2850 discidium
552 2800 781 2865 possunt
816 2799 969 2850 artus
1003 2798 1250 2866 perferre
1285 2796 1476 2863 relicti,

227 2872 323 2925 sed
360 2874 578 2942 penitus
613 2878 847 2941 pereunt
882 2872 1121 2927 convulsi
1159 2889 1368 2941 conque
1404 2873 1740 2941 putrescunt.

226 2965 295 3000 ex
331 2949 556 3003 ineunte
590 2964 723 3003 aevo
759 2949 836 3002 sie
872 2949 1109 3015 corporis
1147 2953 1314 3016 atque
1348 2948 1545 3001 animai

229 3027 418 3077 mutua
452 3025 631 3079 vitalis
667 3024 886 3078 discunt
921 3026 1174 3091 contagia
1208 3028 1390 3078 motus

227 3100 490 3153 maternis
527 3100 693 3153 etiam
728 3101 986 3153 membris
1022 3101 1251 3167 alvoque
1286 3101 1524 3166 reposta,

227 3175 515 3229 discidium
555 3181 619 3227 ut
652 3182 888 3241 nequeat
924 3175 1042 3228 fieri
1080 3176 1198 3229 sine
1231 3178 1387 3241 peste
1422 3174 1703 3239 maloque3

1848 379 1921 417 ³10

1849 757 1921 796 315

1848 1137 1922 1176 320

1849 1518 1922 1558 325
