2259 3550
271 106 302 160 6
1094 101 1124 158 Ι
1171 163 1174 165 ,

270 223 502 276 quorum
536 206 613 260 nil
649 205 769 260 fieri
805 205 1152 260 manifestum
1189 188 1289 268 est,
1327 205 1510 258 omnia
1545 204 1765 274 quando

266 283 530 351 paulatim
565 285 830 349 crescunt,
865 285 930 335 ut
965 299 1069 351 par
1101 287 1204 349 est,
1242 281 1450 335 semine
1485 285 1639 335 certo

269 438 688 503 crescentesque
721 451 895 502 genus
930 438 1182 499 servant3
1216 437 1280 489 ut
1316 451 1539 489 noscere
1577 434 1753 502 possis
1799 497 1815 504 ‚
1906 449 1977 490 100

271 511 506 580 quicque
541 527 640 564 sua
673 511 745 564 de
780 510 1008 564 materia
1044 510 1408 576 grandescere
1444 511 1640 579 alique.

13 595 52 638 12
69 577 253 682 Ὕ
270 586 376 640 11110
411 586 624 642 accedit
657 586 742 640 uti
778 585 896 638 sino
929 586 1098 640 certis
1134 585 1405 640 imbribus
1438 588 1565 640 anni

13 653 529 752 fflffllaetificos
565 665 803 731 nequeat
839 662 988 716 fetus
1025 661 1357 716 submittere
1393 663 1557 716 tellus

13 733 242 790 mua·
271 754 370 792 nce
405 754 568 806 porro
605 741 816 792 secreta
851 737 972 792 cibo
1006 740 1207 792 natura
1238 739 1575 792 animantum

269 829 570 882 propagare
604 831 778 882 genus
811 814 985 883 possit
1021 815 1299 882 vitamque
1336 815 1511 879 tueri3
1903 829 1973 868 195

31 893 332 957 quamue
367 890 549 958 potius
584 890 772 944 multis
806 891 1115 944 communia
1150 907 1378 959 corpora
1412 889 1579 944 rebus

13 891 250 1060 {m
269 966 442 1020 multa
476 969 638 1034 putes
673 983 808 1034 esse,
843 970 909 1020 ut
943 965 1124 1020 verbis
1160 966 1433 1020 elementa
1467 967 1727 1031 videmus,

269 1058 434 1110 quam
471 1043 586 1095 sine
622 1042 902 1111 principiis
937 1042 1104 1096 ullam
1141 1051 1260 1096 rem
1297 1043 1537 1098 existere
1570 1059 1743 1112 posse.

27 1155 60 1195 Ε
162 1145 170 1156 -
271 1116 510 1186 denique
546 1135 644 1171 cur
679 1117 924 1171 homines
959 1122 1145 1172 tantos
1180 1124 1381 1173 natura
1414 1135 1609 1188 parare

18 1190 164 1258 nisu-r,
269 1209 379 1246 non
412 1194 608 1262 potuit,
643 1193 878 1262 pedibus
915 1195 1008 1261 qui
1044 1199 1274 1263 pontum
1311 1212 1411 1264 per
1446 1195 1585 1248 vada
1622 1198 1848 1264 possent
1900 1211 1973 1250 20⁰

17 1249 218 1346 ἶφι-’μη
271 1270 502 1323 transire
538 1273 597 1324 et
629 1286 856 1338 magnos
891 1271 1144 1324 manibus
1180 1271 1440 1326 divellere
1477 1272 1675 1324 montis

28 1355 133 1416 ψ
274 1346 557 1414 multaque
591 1345 822 1400 vivendo
859 1347 1046 1400 vitalia
1083 1349 1300 1401 vincere
1336 1348 1527 1416 saecla,

273 1421 317 1474 si
355 1439 476 1488 non,
513 1421 772 1476 materies
809 1424 938 1490 quia
973 1423 1139 1476 rebus
1177 1423 1393 1477 reddita
1428 1425 1634 1478 certast

269 1497 564 1564 gignundis
599 1514 630 1551 e
667 1514 775 1565 qua
810 1504 1026 1553 constat
1062 1499 1199 1566 quid
1233 1501 1407 1568 possit
1442 1500 1604 1553 oriri?

270 1574 345 1626 nil
382 1573 550 1640 igitur
586 1573 706 1626 fieri
745 1574 814 1626 do
851 1575 960 1627 nilo
997 1591 1157 1644 posse
1193 1574 1549 1640 fatendumst,
1902 1591 1975 1630 205

273 1649 476 1702 semine
513 1649 730 1718 quando
767 1665 903 1717 opus
939 1656 1026 1704 cst
1060 1650 1227 1704 rebus
1264 1668 1372 1720 quo
1408 1668 1661 1720 quaeque
1696 1655 1915 1707 creatae

271 1725 411 1779 aeris
448 1725 501 1777 in
537 1729 757 1779 teneras
792 1727 1001 1795 possint
1037 1727 1336 1794 proferrier
1370 1744 1544 1784 auras.

16 1802 546 1875 ghaun-‘postremo
581 1802 836 1871 quoniam
875 1804 1094 1857 incultis
1130 1807 1416 1873 praestare
1451 1806 1699 1859 videmus

13 1862 418 1966 wlta
452 1878 569 1931 loca
603 1882 662 1931 et
697 1878 947 1932 manibus
983 1880 1227 1933 melioris
1259 1880 1496 1935 reddere
1532 1882 1691 1949 fetuS,

31 1990 135 2027 ua..-
235 2018 245 2028 ·
268 1968 389 2025 csse
423 1953 676 2008 videlicet
710 1955 766 2007 in
801 1956 967 2009 terris
1003 1956 1305 2024 primordia
1338 1974 1521 2011 rerum
1900 1974 1975 2013 210

31 1978 413 2096 ..Quae
446 2045 545 2083 nos
579 2030 838 2084 fecundas
874 2034 1156 2085 vertentes
1192 2049 1413 2086 vomere
1446 2034 1633 2101 glebas

24 2074 220 2211 Ψ
239 2106 548 2179 ‘terraique
585 2106 757 2159 solum
795 2106 1111 2175 subigentes
1149 2109 1322 2163 cimus
1357 2108 1430 2162 ad
1470 2113 1640 2163 ortus.

38 2220 178 2271 Q
310 2181 420 2234 uod
455 2180 500 2233 si
537 2182 684 2235 nulla
719 2182 914 2249 forent,
950 2188 1139 2237 nostro
1176 2185 1292 2237 sine
1328 2201 1578 2253 quaeque
1616 2186 1801 2240 labore

41 2265 211 2324 §gp-v
271 2260 464 2326 sponte
501 2274 596 2311 sua
636 2258 806 2312 multo
843 2259 964 2313 fieri
1001 2260 1227 2313 meliora
1261 2259 1490 2315 videres⁸

23 2320 262 2415 W
341 2334 467 2389 Huc
503 2335 712 2389 accedit
747 2336 829 2390 uti
866 2338 1102 2405 quicque
1137 2336 1194 2390 in
1230 2354 1326 2391 sua
1361 2353 1587 2407 corpora
1622 2354 1839 2391 rursum
1897 2352 1969 2390 215

21 2416 193 2472 Μ-
270 2410 536 2465 dissoluat
570 2413 767 2465 natura
801 2429 980 2481 neque
1015 2412 1088 2466 ad
1123 2413 1294 2467 nilum
1331 2413 1625 2467 interemat
1661 2430 1766 2468 res.

26 2480 257 2556 sbi-‘asti
270 2502 396 2540 nam
433 2487 611 2555 siquid
648 2488 878 2542 mortale
914 2505 942 2542 e
977 2490 1188 2543 cunctis
1222 2488 1475 2558 partibus
1512 2492 1673 2558 esset,

225 2654 241 2693 .·
269 2639 419 2693 nulla
452 2639 507 2692 vi
541 2639 685 2693 foret
721 2656 852 2693 usus
889 2641 1034 2693 enim
1069 2658 1213 2709 quae
1248 2642 1499 2710 partibus
1536 2642 1655 2695 eius

272 2715 556 2768 discidium
593 2731 788 2783 parere
825 2719 884 2769 et
918 2732 1093 2769 nexus
1128 2718 1409 2771 exsolvere
1443 2721 1644 2787 posset.
1900 2732 1973 2771 22⁰

271 2790 420 2858 quod
455 2807 612 2858 nunc,
649 2794 873 2845 aeterno
911 2792 1036 2860 quia
1074 2797 1326 2847 constant
1364 2795 1568 2847 semine
1605 2809 1877 2863 quaeque,

273 2866 444 2920 donec
482 2867 561 2921 vis
596 2867 731 2922 obiit
766 2885 908 2938 quae
943 2885 1032 2923 res
1068 2868 1384 2923 diverberet
1420 2870 1533 2923 ictu

271 2945 368 2995 aut
402 2942 552 2996 intus
587 2947 844 3012 penetret
877 2962 978 3014 per
1010 2944 1193 2999 inania
1230 2945 1617 3014 dissoluatque,

273 3018 470 3072 nullius
505 3020 733 3073 exitium
769 3014 976 3089 patitur
1009 3024 1207 3075 natura
1240 3022 1429 3075 videri.

273 3098 562 3162 praeterea
597 3112 973 3165 quaecumque
1007 3100 1287 3151 vetustate
1322 3100 1540 3151 amovet
1576 3100 1743 3164 aetas,
1898 3111 1971 3153 225

275 3170 322 3223 si
358 3170 578 3239 penitus
615 3172 847 3240 peremit
883 3188 1205 3226 consumens
1241 3173 1526 3226 materiem
1566 3188 1799 3237 omnem,

1954 2526 1961 2533 .
1994 2508 2011 2534 ἲ

2003 2588 2071 2607 ,4,σρ

189 2561 249 2649 ζ’
271 2580 337 2615 ex
375 2563 543 2617 oculis
576 2580 666 2616 res
702 2581 951 2632 quaeque
989 2569 1218 2633 repente
1256 2570 1447 2635 erepta
1481 2566 1703 2634 periret.
1858 2574 1873 2602 ί
1950 2578 2011 2607 2⁹⁴
