2259 3550
294 101 409 160 182
1092 95 1188 153 VI

286 207 484 262 erescit
510 203 683 260 barba
705 201 911 274 pilique
934 217 1035 271 per
1058 199 1242 256 omnia
1262 197 1526 264 membra,
1551 212 1651 266 per
1671 197 1854 252 artuS.
1915 253 1924 260 ,
1953 211 2046 252 045

287 283 501 338 diditur
534 281 592 335 in
625 295 791 334 venas
824 278 979 332 cibus
1014 275 1204 343 omnis,
1239 277 1409 342 auget
1443 274 1652 342 alitque

288 359 530 428 corporis
564 360 841 411 extremas
876 371 1092 424 quoque
1126 353 1300 422 partis
1334 350 1776 418 unguiculosque.

286 436 458 504 frigus
488 435 623 489 item
659 433 891 488 transire
926 449 1027 500 per
1060 447 1156 484 aes
1189 427 1534 496 calidumque
1570 441 1827 495 vaporem

290 511 569 576 seminum,
608 510 871 568 sentimus
908 508 1043 560 item
1078 505 1316 560 transire
1351 520 1452 574 per
1485 519 1676 556 aurum

290 590 456 656 atque
491 604 592 656 per
626 589 929 654 argentum,
965 600 1087 638 cum
1124 581 1318 650 pocula
1353 579 1517 648 plena
1549 582 1816 634 tenemus.
1949 593 2042 633 σεο

292 662 527 732 denique
564 679 664 732 per
698 661 976 730 dissaepta
1014 659 1299 712 domorum
1336 672 1501 710 saxea
1535 671 1697 710 voces

292 740 638 807 pervolitant,
672 740 959 808 permanat
994 735 1131 788 odor
1166 734 1448 802 frigusque
1483 747 1756 800 vaposque

290 816 447 884 igniS‚
484 815 577 884 qui
614 814 745 869 ferri
782 829 999 882 quoque
1036 812 1144 864 vim
1180 813 1472 879 penetrare
1509 808 1688 862 suevit

292 892 528 960 denique
564 909 671 960 qua
707 891 912 944 circum
951 889 1095 944 Galli
1131 887 1303 941 lorica
1336 888 1568 940 coercet.

203 991 269 1024 m
292 971 352 1023 ct
384 971 745 1038 tempestates
780 971 931 1020 terra
966 966 1244 1051 caeloque.
1261 964 1484 1018 coortae
1939 973 2033 1014 966

289 1043 347 1098 in
382 1044 589 1098 caelum
626 1048 915 1110 terrasque
951 1044 1194 1096 remotae
1229 1039 1352 1092 iura
1386 1037 1677 1102 facessunt,

204 1141 268 1173 oss
291 1119 543 1175 morbida
576 1121 763 1189 visque
800 1119 975 1184 simul,
1010 1134 1134 1172 cum
1172 1114 1513 1170 extrinsecus
1545 1113 1888 1178 insinuatur-3

204 1218 269 1252 m
292 1195 732 1265 quandoquidem
768 1195 843 1248 nil
882 1198 967 1247 est
1001 1193 1103 1247 nisi
1141 1209 1267 1246 raro
1303 1190 1529 1260 corpori'
1565 1205 1726 1243 nexu.

364 1273 491 1327 Huc
526 1271 741 1326 accedit
774 1271 859 1324 uti
894 1286 1001 1324 non
1036 1270 1231 1336 omnia,
1265 1283 1408 1337 quae
1445 1265 1716 1320 iaciuntur

292 1365 518 1418 corpora
552 1365 786 1416 cumque
820 1347 891 1402 ab
927 1346 1107 1414 rebus,
1141 1345 1336 1399 eodem
1369 1343 1624 1413 praedita
1659 1358 1822 1397 sensu
1936 1357 2027 1396 seo

291 1429 459 1494 atque
494 1425 687 1479 eodem
722 1428 888 1494 pacto
922 1422 1088 1478 rebus
1123 1423 1235 1476 sint
1270 1419 1520 1475 omnibus
1555 1422 1700 1489 apta.

293 1501 557 1569 principio
591 1505 795 1555 terram
832 1499 915 1555 sol
948 1499 1204 1566 exooquit
1241 1501 1300 1552 et
1334 1497 1466 1551 facit
1499 1513 1610 1564 are,

294 1579 354 1630 at
387 1576 614 1644 glaciem
650 1576 902 1631 dissolvit
936 1579 996 1632 et
1030 1573 1158 1628 altis
1193 1572 1470 1627 montibus
1503 1573 1645 1627 altas

294 1655 683 1719 extructasque
718 1652 873 1706 nives
905 1651 1075 1705 radiis
1111 1649 1395 1704 tabescere
1431 1649 1590 1717 cogit.

295 1727 533 1797 denique
570 1744 695 1783 cera
728 1727 943 1798 liquefit
975 1727 1033 1780 in
1068 1727 1185 1781 eius
1219 1729 1379 1795 posta
1413 1741 1626 1794 vapore.
1935 1738 2020 1779 985

294 1804 435 1873 ignis
470 1804 603 1857 item
639 1804 908 1871 liquidum
944 1804 1077 1857 facit
1112 1819 1207 1857 aes
1241 1818 1544 1871 aurumque
1578 1799 1815 1868 resolvit,

296 1886 355 1935 at
390 1880 536 1935 coria
570 1884 629 1934 et
664 1896 881 1935 carnem
916 1880 1092 1935 trahit
1126 1884 1186 1933 et
1221 1878 1475 1933 conducit
1509 1879 1565 1932 in
1598 1893 1780 1933 imum.

296 1974 452 2011 umor
486 1974 661 2027 aquae
695 1974 859 2026 porro
893 1957 1100 2011 ferrum
1139 1955 1405 2009 condurat
1437 1955 1510 2009 ab
1543 1955 1674 2025 igni,

296 2038 355 2088 at
390 2034 537 2088 coria
572 2038 631 2088 et
666 2051 884 2088 carnem
920 2033 1097 2087 mollit
1132 2032 1334 2085 durata
1369 2030 1561 2087 calore.

296 2108 615 2177 barbigeras
650 2110 887 2165 oleaster
921 2126 986 2163 eo
1022 2109 1176 2161 iuvat
1211 2124 1387 2175 usque
1421 2107 1672 2176 capellas,
1935 2123 2018 2163 970

298 2186 484 2240 effluat
517 2186 821 2241 ambrosiae
855 2186 1010 2254 quasi
1046 2200 1176 2237 vere
1212 2188 1271 2239 ct
1305 2184 1528 2238 nectari'
1565 2184 1796 2251 linctus;

295 2278 405 2329 qua
437 2261 510 2315 nil
548 2265 634 2315 est
670 2262 874 2315 homini
910 2259 1059 2329 quod
1096 2259 1320 2313 amariu'
1354 2259 1610 2316 frondeat
1643 2277 1780 2316 esca.

296 2338 530 2407 denique
566 2338 931 2393 amaracinum
965 2336 1170 2404 fugitat
1205 2352 1298 2389 sus
1332 2339 1392 2389 ct
1426 2336 1586 2391 timet
1619 2354 1778 2392 omne

296 2417 625 2482 ungentum;
661 2430 785 2468 nam
821 2412 1104 2481 saetigeris
1141 2411 1308 2466 subus
1344 2428 1469 2467 acre
1503 2415 1840 2481 venenumst,

296 2489 446 2559 quod
480 2506 579 2543 nos
614 2488 891 2545 interdum
928 2492 1210 2557 tamquam
1247 2505 1498 2545 recreare
1531 2490 1764 2545 videtur.
1933 2503 2012 2545 ms

295 2569 355 2620 at
390 2568 579 2619 contra
615 2564 773 2619 nobis
808 2582 1032 2619 caenum
1068 2564 1389 2618 taeterrima
1424 2582 1549 2619 eum
1586 2566 1660 2619 sit

297 2641 603 2709 spurcitiei-1,
640 2640 833 2695 eadem
871 2640 1035 2695 subus
1070 2640 1206 2693 haec
1243 2640 1480 2695 iucunda
1514 2641 1748 2715 videtur,

295 2716 677 2771 insatiabiliter
712 2717 818 2771 toti
852 2722 916 2770 ut
951 2716 1237 2771 volvantur
1272 2716 1498 2771 ibidem.

368 2794 489 2847 Hoc
523 2794 687 2848 etiam
724 2796 986 2861 superest,
1023 2792 1143 2861 ipsa
1177 2809 1339 2861 quam
1376 2793 1560 2848 dicere
1595 2793 1666 2848 de
1700 2810 1762 2849 re

296 2870 594 2939 adgredior
629 2868 778 2938 quod
814 2868 1103 2922 dicendum
1140 2870 1294 2937 prius
1328 2886 1448 2923 esse
1484 2869 1720 2925 videtur.
1934 2886 2012 2925 oeo

296 2946 471 2999 multa
504 2944 771 2998 foramina
804 2960 927 2997 cum
964 2945 1125 2997 variis
1163 2945 1272 2998 sint
1306 2945 1530 2999 reddita
1565 2946 1743 3011 mbae,

298 3020 551 3073 dissimili
586 3020 731 3073 inter
766 3035 829 3073 se
863 3024 1060 3075 natura
1096 3020 1348 3087 praedita
1384 3021 1591 3074 debent

297 3111 420 3149 esse
454 3096 513 3147 et
547 3094 753 3148 habere
788 3110 940 3165 suam
975 3098 1228 3147 naturam
1264 3112 1512 3163 quaeque
1548 3097 1787 3165 viasque.

298 3170 501 3237 quippe
536 3169 740 3221 etenim
777 3169 912 3222 varii
950 3186 1139 3222 sensus
1174 3170 1538 3223 animantibus
1574 3172 1773 3237 insunt,
