2259 3550
296 97 408 155 120
1074 93 1218 150 IIII

282 215 410 254 nam
446 199 639 252 mulier
674 199 929 268 prohibet
962 214 1023 252 se
1058 199 1345 266 concipere
1379 203 1548 266 atque
1585 202 1872 268 repugnat,

284 275 535 330 clunibus
571 275 689 342 ipsa
724 275 825 329 viri
864 275 1138 327 Venerem
1175 274 1220 326 si
1255 273 1401 326 laeta
1435 276 1702 329 retractat
1907 290 2009 331 127⁰

284 353 453 420 atque
491 360 745 404 exossato
780 352 891 405 ciet
926 349 1073 403 omni
1109 352 1335 418 pectore
1369 349 1601 416 fluctus3

282 427 412 481 eicit
450 427 595 481 enim
633 427 841 482 sulcum
878 428 1029 480 recta
1064 426 1288 493 regione
1321 426 1520 496 viaque

284 504 514 558 vomeris
550 507 719 570 atque
756 501 887 557 loeis
924 502 1127 555 avertit
1165 502 1386 556 seminis
1421 503 1605 558 ictum.

281 581 451 649 idque
487 596 585 633 sua
620 595 781 633 causa
818 581 1150 638 consuerunt
1185 581 1367 632 scorta
1401 579 1621 646 moveri,

282 671 355 710 ne
389 656 793 724 complerentur
828 655 1024 715 crebro
1058 654 1430 723 gravidaeque
1464 654 1706 729 iacerent
1914 669 2012 713 12⁷⁶

282 738 341 786 et
376 732 536 785 simul
572 732 691 800 ipsa
726 731 859 785 viris
894 731 1081 786 Venus
1117 733 1182 784 ut
1217 731 1526 785 concinnior
1561 735 1737 797 esset3

282 808 603 876 coniugibus
641 809 787 876 quod
825 808 899 861 nil
936 809 1138 862 nostris
1175 823 1312 876 opus
1355 823 1476 862 esse
1511 808 1744 862 videtur.

351 885 403 938 N
407 901 470 940 ec
506 885 768 939 divinitus
804 884 1083 938 interdum
1130 883 1474 954 Venerisque
1509 885 1727 953 sagittis

204 1007 209 1014 .
283 959 558 1016 deteriore
592 960 658 1016 fit
693 966 757 1014 ut
790 961 966 1015 forma
1002 960 1322 1016 muliercula
1356 964 1585 1016 ametur.

282 1053 409 1091 nam
442 1037 573 1092 facit
609 1038 727 1106 ipsa
764 1038 875 1091 suis
902 1038 1189 1092 'interdum
1230 1037 1428 1091 femina
1461 1039 1620 1092 factis
1909 1052 2008 1092 1280

281 1114 675 1183 morigerisque
710 1114 887 1168 modis
923 1117 983 1168 et
1019 1115 1224 1169 munde
1263 1131 1490 1184 corpore
1525 1114 1688 1181 cult-o,

284 1192 349 1242 ut
380 1189 538 1244 facile
573 1191 849 1244 insuescat
884 1197 934 1244 te
971 1208 1156 1246 seeum
1195 1191 1397 1260 degere
1433 1191 1615 1244 vitani.

283 1266 433 1334 quod
469 1271 735 1337 superest,
772 1269 1110 1322 consuetudo
1147 1269 1435 1322 concinnat
1469 1283 1739 1332 amorem;

286 1359 410 1397 nam
446 1345 640 1400 leviter
676 1348 918 1415 quamvis
955 1346 1102 1416 quod
1139 1346 1333 1400 erebro
1369 1344 1623 1399 tunditur
1657 1344 1789 1412 ictu,

285 1419 523 1474 vincitur
556 1423 611 1474 in
647 1423 806 1489 longo
844 1424 1017 1490 spat-io
1052 1425 1238 1476 tamen
1273 1427 1441 1490 atque
1476 1419 1716 1475 labascit.
1903 1433 2002 1475 mci

285 1511 461 1570 nonne
498 1497 650 1552 vides
684 1499 853 1552 etiam
888 1501 1075 1564 guttas
1108 1499 1166 1551 in
1201 1513 1333 1551 saxa
1367 1496 1612 1551 cadentis

286 1570 487 1626 umoris
521 1572 681 1642 longo
716 1574 773 1628 in
809 1575 985 1644 spatio
1019 1572 1354 1642 pertundere
1391 1573 1554 1627 saxa?
