2259 3550
1181 111 1288 166 111
2010 111 2078 167 61

383 214 623 286 percipit
657 213 839 282 adque
873 213 1082 278 horror,
1116 213 1268 282 quod
1302 213 1380 267 sie
1415 217 1613 267 natura
1650 219 1746 268 tua
1780 214 1833 267 vi

382 293 497 346 tam
533 289 821 344 manifesta
854 292 1049 358 patens
1084 306 1154 342 ex
1190 289 1336 343 omni
1371 292 1533 358 parte
1566 293 1778 344 retecta
1813 293 1913 344 est.
2037 305 2086 363 φο

454 368 527 420 Et
561 366 814 435 queniam
853 366 1025 430 docui,
1061 370 1382 418 cunctarum
1419 365 1644 418 exordia
1679 383 1862 420 rerum

382 443 565 510 qualia
600 442 709 495 sint
746 445 805 494 et
840 457 1004 508 quam
1040 441 1204 494 variis
1240 441 1504 494 distantia
1539 442 1726 494 formis

383 523 578 586 sponte
613 534 711 570 sua
745 517 975 570 volitent
1010 523 1234 571 aeterno
1271 518 1481 586 percita
1517 521 1669 571 motu

382 611 557 662 quove
592 593 755 646 modo
790 593 1001 662 possint
1036 609 1125 646 res
1162 610 1228 646 ex
1266 593 1351 647 his
1387 609 1636 661 quaeque
1671 611 1816 648 creat
1829 594 1865 660 i,
1997 636 2021 680 c'
2067 601 2114 653 ‘l

382 670 545 724 hasce
580 670 877 724 secundum
916 687 1005 722 res
1040 668 1205 722 animi
1241 673 1438 722 natura
1473 670 1694 723 videtur
1841 681 1856 726 ι
1884 693 1898 705 ·
1982 672 1990 680 “
2039 679 2109 726 35·

383 749 551 814 atque
584 745 797 799 animae
832 745 1089 798 claranda
1125 745 1262 798 meis
1297 746 1406 798 iam
1442 746 1688 799 versibus
1724 763 1844 799 esse
1871 768 1880 780 =
1998 743 2031 756 ''
2055 779 2244 961 s

383 826 441 876 et
476 826 655 876 metus
689 815 795 874 ino'
816 822 962 874 foras
997 837 1262 891 praeceps
1301 821 1636 874 Acheruntis
1670 821 1933 890 agendus,

383 898 627 952 fluiditus
662 896 951 951 humanam
987 897 1078 963 qui
1115 897 1283 950 vitam
1320 896 1511 950 turbat
1547 897 1618 950 ab
1653 898 1762 950 imo

383 975 562 1028 omnia
598 973 913 1027 suffundens
948 973 1140 1026 mortis
1175 973 1396 1041 nigrore
1432 991 1610 1042 neque
1643 973 1809 1028 ullam

382 1067 503 1104 esse
538 1051 873 1119 voluptatem
913 1050 1042 1117 liqui
1070 1045 1172 1102 'fam
1209 1067 1514 1120 puramque
1550 1051 1824 1119 relinquit.
2033 1065 2084 1103 40

383 1144 507 1180 nam
543 1128 690 1195 quod
727 1143 890 1195 saepe
926 1127 1170 1180 homines
1205 1127 1422 1181 morbos
1457 1129 1633 1196 magis
1661 1145 1782 1181 esse
1809 1126 2085 1180 timendos

384 1203 746 1269 infamemque
782 1203 965 1255 ferunt
1000 1203 1167 1254 vitam
1204 1220 1366 1269 quam
1405 1204 1632 1257 Tartara
1667 1203 1762 1257 leti

385 1283 443 1332 et
478 1296 537 1332 se
575 1280 717 1332 scire
757 1279 969 1331 animae
1006 1282 1258 1331 naturam
1297 1280 1572 1346 sanguinis
1607 1296 1726 1332 esse

315 1381 365 1417 40
385 1358 480 1408 aut
515 1355 680 1408 etiam
721 1355 887 1419 venti,
924 1355 969 1406 si
1007 1355 1121 1406 sert
1158 1354 1236 1406 ita
1272 1355 1414 1407 forte
1452 1354 1715 1423 voluntaS,

316 1448 483 1485 4411Θο
518 1447 737 1500 pro-um
776 1430 1064 1497 quicquam
1102 1435 1324 1484 nostrae
1358 1431 1584 1484 rationis
1616 1448 1794 1499 egere,
2035 1447 2084 1484 4¹5

385 1507 509 1561 hinc
544 1507 672 1560 licet
708 1506 965 1558 advertas
1001 1505 1243 1559 animum
1277 1507 1451 1572 magis
1488 1507 1668 1560 omnia
1702 1507 1878 1561 laudis

315 1604 359 1638 4⁷
383 1583 574 1637 iactari
611 1600 772 1636 causa
807 1599 969 1650 quam
1006 1583 1154 1650 quod
1192 1599 1280 1635 res
1316 1583 1434 1651 ipsa
1469 1583 1746 1652 probetur.

384 1663 629 1712 extorres
665 1659 809 1712 idem
846 1659 1027 1728 patria
1062 1658 1333 1728 longeque
1369 1660 1540 1727 fugati

384 1738 679 1806 conspectu
714 1753 781 1789 ex
819 1735 1111 1802 hominum,
1149 1735 1357 1789 foedati
1394 1735 1622 1790 crimine
1658 1737 1824 1807 turpi,

383 1812 631 1866 omnibus
665 1813 937 1865 aerumnis
974 1812 1180 1867 adfecti
1216 1812 1450 1880 denique
1485 1814 1690 1879 vivunt,
2036 1829 2084 1867 50

378 1893 442 1961 ¹et
476 1906 814 1957 quocumque
852 1893 1037 1941 tamen
1072 1889 1256 1941 miseri
1293 1904 1490 1941 venere
1525 1894 1822 1957 parentant

383 1969 440 2019 et
473 1965 655 2031 nigras
692 1968 933 2017 mactant
971 1964 1209 2032 pecudes
1245 1968 1302 2017 et
1338 1963 1572 2016 manibu'
1607 1965 1746 2018 divis

381 2041 602 2094 inferias
643 2041 871 2104 mittunt
906 2041 1188 2107 multoque
1226 2041 1279 2092 in
1317 2040 1482 2093 rebus
1517 2040 1731 2093 acerbis

314 2124 320 2129 '
383 2118 561 2171 acrius
598 2116 895 2169 advertunt
930 2117 1137 2169 animos
1173 2116 1246 2168 ad
1281 2116 1613 2183 religionem.

384 2210 491 2261 quo
526 2193 696 2259 magis
731 2192 786 2243 in
827 2190 1007 2244 dubiis
1040 2191 1314 2244 hominem
1353 2196 1603 2259 spectare
1640 2192 1860 2259 periclis
2036 2210 2084 2248 55

384 2268 637 2322 convenit
672 2267 1021 2334 adversisque
1057 2268 1112 2319 in
1149 2268 1312 2319 rebus
1350 2284 1574 2319 noscere
1611 2268 1705 2333 qui
1743 2268 1815 2322 sit
1831 2289 1844 2333 ;

384 2360 507 2395 nam
545 2359 704 2395 verae
741 2359 897 2395 voces
933 2347 1050 2394 tum
1090 2342 1309 2395 demum
1347 2348 1570 2412 pectore
1606 2342 1675 2393 ab
1712 2342 1822 2394 imo

384 2419 656 2471 eiciuntur
690 2425 738 2470 et
775 2418 1008 2486 eripitur
1043 2436 1292 2487 persona,
1327 2423 1515 2471 manet
1550 2436 1654 2471 res.

385 2494 618 2562 denique
654 2494 901 2547 avarities
939 2499 995 2547 et
1029 2495 1293 2548 honorum
1331 2510 1491 2548 caeca
1526 2496 1726 2563 cupido

384 2587 522 2639 quae
560 2570 785 2623 miseros
820 2570 1065 2625 homines
1102 2576 1305 2638 cogunt
1339 2570 1728 2624 transcendere
1763 2571 1898 2625 fines
2036 2588 2086 2625 60

381 2647 515 2699 iuris
553 2650 611 2700 ct
645 2647 922 2699 interdum
960 2648 1134 2701 socios
1173 2648 1436 2701 scelerum
1473 2651 1640 2715 atque
1675 2647 1956 2701 ministros

383 2727 571 2777 noctes
606 2729 771 2791 atque
808 2724 924 2777 dies
960 2724 1062 2793 niti
1100 2728 1416 2793 praestante
1450 2723 1638 2778 labore

382 2800 454 2853 ad
490 2816 729 2853 summas
766 2816 1045 2867 emergere
1082 2817 1229 2871 opes,
1264 2803 1398 2854 haee
1433 2802 1657 2854 vulnera
1691 2800 1835 2855 vitae

382 2892 489 2928 non
524 2876 803 2928 minimam
838 2880 1053 2945 partem
1088 2879 1282 2931 mortis
1318 2877 1606 2929 formidine
1642 2877 1874 2929 aluntur.

384 2952 565 3021 turpis
602 2952 744 3004 enim
781 2952 951 3005 ferme
987 2957 1334 3023 contemptus
1371 2957 1430 3006 et
1466 2953 1606 3005 acris
1641 2955 1858 3018 egestas
2035 2966 2086 3005 65

384 3032 595 3081 semota
629 3027 698 3081 ab
736 3028 882 3081 dulci
919 3029 1031 3081 vita
1070 3030 1362 3097 stabilique
1397 3029 1652 3082 videntur

384 3108 443 3158 et
478 3104 632 3172 quasi
670 3104 777 3157 iam
814 3104 910 3156 let-i
950 3110 1136 3173 portas
1174 3105 1481 3159 cunctarier
1515 3108 1676 3168 ante3

384 3180 530 3233 unde
566 3180 807 3233 homines
843 3180 973 3231 dum
1014 3198 1071 3232 se
1106 3181 1242 3234 falso
1279 3184 1493 3234 terrore
1528 3179 1702 3233 coacti
