2259 3550
254 117 367 174 190
1037 113 1136 170 VI

244 217 542 273 interclusa
576 217 759 272 anima
792 217 959 272 nimia
991 216 1064 272 ab
1098 216 1394 272 dulcedine
1427 235 1709 286 aquarum,

248 294 529 360 multaque
562 309 665 360 per
698 291 885 363 populi
919 292 1125 362 passim
1163 294 1282 348 loca
1315 298 1576 364 prompta
1611 295 1838 364 viasque

246 368 507 438 languida
540 369 839 422 semanimo
874 385 999 422 cum
1034 385 1264 439 corpore
1299 370 1550 424 membra
1581 370 1803 427 videres

248 445 474 500 horrida
510 443 749 515 paedore
789 447 849 496 et
884 446 1079 513 pannis
1112 450 1372 516 cooperta
1405 447 1587 514 perire

248 521 493 591 corporis
526 519 743 588 inluvie,
778 519 911 590 pelli
946 535 1112 590 super
1147 522 1360 576 ossibus
1394 539 1516 588 una,
1868 538 1968 580 127⁰

248 596 523 652 ulceribus
557 595 755 650 taetris
788 612 963 665 prope
996 597 1117 656 iam.
1141 598 1400 666 sordique
1437 598 1667 668 sepulta.

248 674 431 728 omnia
464 672 702 740 denique
739 675 929 726 sancta
962 673 1126 727 deum
1163 671 1398 728 delubra
1431 675 1678 745 replerat

248 748 565 818 corporibus
600 765 749 802 mors
786 748 1048 802 exanimis
1082 753 1420 820 onerataque
1454 751 1660 820 passim

248 829 446 880 cuncta
480 825 841 880 cadaveribus
874 825 1177 881 caelestum
1212 826 1420 894 templa
1455 827 1697 894 tenebat,

249 901 554 971 hospitibus
587 900 705 955 loca
738 917 881 970 quae
916 901 1255 969 complerant
1289 901 1654 957 aedituenteS.
1865 917 1964 958 1275

249 995 351 1032 nec
383 978 493 1032 iam
528 977 718 1046 religio
754 977 939 1031 divom
972 994 1073 1032 nec
1105 978 1330 1032 ,numina
1363 979 1547 1046 magni

250 1053 633 1123 pendebantur
668 1053 842 1109 enim:
880 1069 1140 1123 praesens
1177 1053 1336 1108 dolor
1369 1053 1751 1122 exsuperabat.

249 1147 350 1185 nec
384 1147 503 1186 mos
534 1130 628 1184 ille
662 1130 977 1200 sepulturae
1012 1130 1334 1184 remanebat
1367 1129 1425 1182 in
1459 1129 1611 1196 urbe,

250 1223 358 1276 quo
392 1207 513 1276 pius
546 1205 637 1260 hic
670 1207 903 1276 populus
938 1222 1156 1275 semper
1189 1210 1477 1261 consuerat
1509 1206 1754 1270 humari3

253 1283 606 1352 perturbatus
642 1283 787 1336 enim
822 1285 975 1336 totus
1010 1282 1342 1350 trepidabat,
1379 1286 1440 1337 et
1473 1299 1614 1336 unus
1857 1297 1956 1338 1200

252 1359 482 1428 quisque
516 1374 674 1411 suum
707 1374 809 1427 pro
845 1374 905 1412 re
932 1359 1228 1426 praesenti
1263 1362 1505 1412 maestus
1538 1358 1818 1414 humabat.

254 1435 537 1504 multaque
570 1451 661 1488 res
698 1432 881 1488 subita
915 1436 975 1488 et
1008 1437 1306 1503 paupertas
1341 1433 1567 1488 horrida
1601 1435 1787 1490 suasit.

253 1527 489 1580 namque
521 1526 647 1564 suos
680 1509 1107 1577 consanguineos
1141 1509 1316 1563 aliena
1350 1525 1607 1577 rogorum

252 1587 476 1656 insuper
508 1588 764 1640 extructa
795 1584 1007 1654 ingenti
1040 1585 1278 1640 clamore
1310 1585 1564 1640 locabant

254 1661 667 1730 subdebantque
699 1661 859 1728 faces,
894 1661 1069 1716 multo
1100 1677 1228 1716 cum
1261 1660 1522 1730 sanguine
1557 1675 1720 1732 saepe
1857 1672 1958 1716 uss

254 1737 495 1795 rixantes
527 1736 713 1810 potius
745 1752 910 1808 quam
942 1752 1172 1808 corpora
1206 1737 1608 1795 desererentur.
1649 1800 1659 1809 ,
