2259 3550
28 817 179 1115 f

20 2158 197 2567 ³23&

214 117 325 177 142
1032 115 1093 169 V

208 236 279 273 ex
314 218 534 288 alioque
568 219 707 272 alius
742 221 925 273 status
960 219 1218 288 excipere
1251 219 1436 273 omnia
1470 219 1655 288 debet,

208 311 309 350 nee
344 297 531 349 manet
563 294 677 347 ulla
711 294 795 347 sui
830 294 1021 347 similis
1056 311 1175 349 res:
1211 294 1393 348 omnia
1427 295 1686 363 migrant,

209 372 389 424 omnia
424 374 724 424 commutat
759 375 957 424 natura
993 375 1050 424 et
1086 374 1304 424 vertere
1339 371 1498 438 cogit.

208 463 443 514 namque
480 446 614 499 aliut
651 446 919 514 putrescit
956 450 1014 500 et
1047 463 1181 500 aevo
1218 446 1400 500 debile
1438 448 1679 515 languet,

208 539 372 591 porro
408 523 545 576 aliut
582 522 833 576 clarescit
870 526 927 576 et
964 539 991 575 e
1027 523 1434 591 contemptibus
1471 525 1599 577 exit.

208 600 287 652 sic
321 599 491 667 igitur
526 599 715 651 mundi
752 601 1004 651 naturam
1048 599 1218 651 totius
1253 602 1405 652 aetas

209 679 387 730 mutat
422 679 481 730 et
516 691 585 728 ex
620 675 727 728 alio
763 677 973 728 terram
1010 677 1188 728 status
1225 675 1430 744 excipit
1465 675 1622 744 alter,

209 751 357 820 quod
390 754 523 820 pote
558 751 641 804 uti
675 753 930 820 nequeat,
966 751 1139 822 possit
1175 749 1322 818 quod
1357 768 1466 805 non
1501 752 1632 807 tulit
1665 757 1807 807 ante.

277 827 565 896 Multaque
600 830 719 881 tum
754 826 918 880 telius
953 827 1120 880 etiam
1157 830 1414 895 portenta
1449 844 1638 883 creare

207 906 457 958 conatast
491 903 629 961 mira
664 903 803 956 faeie
838 903 1209 971 membrisque
1245 907 1446 970 coorta,

1843 691 1918 730 835

208 979 596 1048 androgynum,
606 981 985 1047 inter-utraque
1000 997 1099 1033 nee
1117 980 1610 1048 utrum,utrimque
1625 986 1914 1051 remotum,

209 1055 343 1110 orba
377 1055 581 1123 pedum
618 1057 834 1122 partim,
873 1073 1129 1130 manuum
1169 1054 1392 1109 viduata
1427 1057 1677 1126 vicissim,

208 1135 362 1185 muta
398 1131 513 1184 sine
549 1147 643 1183 ore
680 1131 858 1192 etiam,
897 1132 1012 1183 sine
1049 1131 1199 1184 voltu
1235 1147 1396 1184 caeca
1432 1137 1668 1202 reperta,

208 1208 498 1276 vinctaque
532 1206 903 1260 membrorum
937 1223 1039 1275 per
1073 1209 1255 1260 totum
1291 1225 1488 1276 corpus
1523 1210 1780 1277 adhaesu‚

1839 1073 1914 1112 840

206 1300 308 1337 nec
342 1285 521 1338 faeere
556 1287 620 1336 ut
654 1287 879 1352 possent
914 1284 1207 1353 quicquam
1244 1301 1346 1337 nec
1382 1285 1582 1339 cedere
1617 1302 1888 1354 quoquam

204 1377 305 1414 nee
342 1360 517 1414 vitare
552 1360 756 1413 malum
792 1377 891 1414 nec
928 1377 1146 1413 sumere
1182 1361 1332 1428 quod
1367 1361 1510 1416 foret
1547 1378 1690 1416 usus.

204 1440 393 1490 cetera
415 1437 485 1490 de
508 1453 711 1504 genere
733 1436 837 1490 hoe
861 1439 1105 1490 monstra
1129 1452 1192 1489 ae
1216 1441 1474 1504 portenta
1495 1438 1732 1506 creabat,

202 1514 549 1581 nequiquam,
587 1513 841 1580 quoniam
876 1515 1075 1564 natura
1108 1511 1410 1566 absterruit
1443 1518 1667 1568 auctum

206 1605 307 1642 nec
342 1592 575 1658 potuere
610 1589 854 1656 cupitum
890 1588 1089 1642 aetatis
1123 1591 1352 1656 tangere
1387 1589 1577 1643 florem

205 1681 306 1718 nee
343 1665 585 1733 reperire
620 1665 801 1717 cibum
836 1681 937 1716 nec
972 1664 1125 1732 iungi
1162 1680 1262 1732 per
1299 1665 1534 1718 Veneris
1569 1683 1673 1720 res.

204 1741 379 1795 multa
412 1740 659 1796 videmus
698 1741 840 1794 enim
876 1740 1040 1794 rebus
1076 1757 1400 1795 concurrere
1437 1740 1655 1810 debere,

202 1821 267 1871 ut
302 1817 653 1886 propagando
687 1817 898 1885 possint
934 1818 1240 1885 procudere
1277 1818 1480 1883 saecla;

202 1893 404 1963 pabula
437 1893 674 1963 primum
712 1897 775 1946 ut
810 1893 933 1959 sint,
968 1894 1228 1960 genitalia
1265 1894 1464 1947 deinde
1500 1912 1603 1963 per
1635 1898 1789 1949 artus

203 1970 410 2023 semina
445 1987 553 2038 qua
587 1970 795 2037 possint
830 1968 1087 2021 membris
1122 1985 1346 2022 manare
1382 1971 1638 2033 remissa;

202 2047 511 2115 feminaque
547 2049 609 2099 ut
646 2045 887 2101 maribus
922 2045 1172 2113 coniungi
1207 2047 1394 2114 possit,
1433 2046 1636 2100 habere

203 2126 395 2175 mutua
430 2122 525 2191 qui
560 2126 777 2176 mutent
811 2122 956 2175 inter
992 2138 1051 2174 se
1086 2121 1288 2188 gaudia
1325 2126 1572 2189 uterque.

1835 1453 1911 1492 845

1833 1832 1910 1870 850

272 2199 557 2267 Multaque
570 2202 688 2252 tum
702 2198 975 2251 interiisse
990 2198 1324 2251 animantum
1341 2198 1517 2251 saecla
1533 2206 1811 2253 necessest
1833 2214 1905 2252 855

202 2292 302 2329 nec
336 2276 578 2345 potuisse
614 2274 965 2343 propagando
1000 2273 1306 2342 procudere
1341 2274 1568 2344 prolem.

202 2368 328 2405 nam
364 2367 736 2421 quaecumque
771 2348 924 2403 vides
959 2349 1105 2403 vesci
1141 2349 1396 2404 vitalibus
1431 2351 1594 2417 auris»,

200 2432 297 2481 aut
330 2427 489 2481 dolus
524 2429 622 2480 aut
656 2426 829 2481 virtus
865 2429 961 2479 aut
996 2425 1236 2495 denique
1269 2426 1542 2480 mobilitas
1577 2430 1666 2481 est

200 2521 269 2557 ex
302 2503 525 2557 ineunte
560 2520 693 2557 aevo
727 2519 901 2571 genus
933 2502 993 2555 id
1027 2505 1210 2555 tutata
1245 2517 1540 2555 reservans.

202 2580 482 2647 multaque
518 2582 660 2646 sunt,
694 2578 849 2631 nobis
886 2596 954 2632 ex
989 2578 1230 2631 utilitate
1265 2595 1363 2631 sua
1397 2594 1536 2646 quae

202 2655 583 2710 commendata
617 2657 852 2721 manent,
890 2654 1099 2708 tutelae
1135 2654 1342 2707 tradita
1377 2658 1609 2708 nostrae.

199 2731 463 2802 principio
498 2747 671 2797 genus
708 2746 831 2783 acre
868 2730 1083 2783 leonum
1120 2746 1389 2798 saevaque
1425 2731 1605 2783 saecla

199 2812 435 2863 tutatast
470 2807 659 2872 virtus
697 2806 883 2875 volpes
918 2804 1076 2859 dolus
1112 2810 1171 2860 et
1204 2807 1334 2874 fuga
1369 2822 1574 2860 cervos.

200 2888 260 2938 at
294 2884 588 2937 levisomna
624 2899 815 2937 canum
852 2881 964 2935 fido
1000 2900 1122 2936 cum
1160 2885 1385 2952 pectore
1421 2883 1590 2937 corda

197 2964 258 3013 et
290 2976 461 3026 genus
497 2976 657 3013 omne
692 2958 838 3026 quod
874 2962 960 3013 est
994 2960 1238 3013 veterino
1273 2960 1476 3013 semine
1511 2963 1731 3028 partum

199 3035 582 3103 lanigeraeque
620 3034 779 3088 simul
815 3036 1057 3103 pecudes
1092 3038 1151 3087 et
1187 3034 1388 3088 bucera
1424 3035 1602 3087 saecla

198 3110 381 3163 omnia
413 3114 541 3163 sunt
575 3110 854 3163 hominum
888 3110 1095 3164 tutelae
1129 3109 1351 3177 tradita,
1387 3110 1628 3163 Memmi.

198 3202 325 3239 nam
360 3184 557 3253 cupide
591 3185 783 3253 fugere
815 3184 962 3239 feras
994 3201 1295 3255 pacemque
1329 3187 1518 3238 secuta

1833 2972 1906 3011 866
