2259 3550
210 83 320 140 104
979 79 1127 136 1111

202 183 389 237 umida
421 181 625 250 linguai
660 180 867 236 circum
900 180 1158 235 sudantia
1191 180 1412 250 templa.

204 262 264 313 at
298 261 488 312 contra
519 260 769 327 pungunt
804 273 1021 310 sensum
1054 257 1408 324 lacerantque
1443 259 1645 324 coorta,
1674 319 1690 332 ι

204 338 411 405 quanto
444 349 695 402 quaeque
729 331 905 400 magis
938 335 1068 386 sunt
1102 331 1402 400 asperitate
1439 331 1660 401 repleta.

205 409 406 464 deinde
439 409 690 478 voluptas
725 411 812 464 est
846 425 881 463 e
914 425 1043 463 suco
1078 408 1190 462 fine
1223 407 1423 477 palati;

205 502 329 540 cum
363 499 494 540 vero
530 485 787 539 deorsum
821 501 923 554 per
958 485 1146 538 fauces
1179 483 1578 553 praecipitavit,

204 560 355 616 nulla
389 561 645 630 voluptas
676 565 777 630 est,
814 561 947 614 dum
982 560 1196 616 diditur
1232 560 1406 614 omnis
1440 560 1497 613 in
1532 564 1698 615 artus.

204 653 307 692 nee
340 637 512 692 refert
546 637 834 706 quicquam
870 653 978 706 quo
1014 637 1166 691 victu
1201 653 1398 705 corpus
1431 636 1624 701 alatur,

203 714 501 769 dummodo
536 715 683 783 quod
718 714 904 783 capias
940 717 1262 767 concoctum
1300 712 1494 766 didere
1531 712 1710 781 possis

202 790 434 844 artubus
472 794 532 845 et
564 789 829 844 stomachi
864 788 1168 842 umidulum
1204 804 1424 842 servare
1459 792 1722 842 tenorem.

276 866 327 919 N
331 884 436 922 unc
472 866 595 920 aliis
627 866 765 920 alius
800 865 895 934 qui
932 864 1007 919 sit
1040 863 1178 918 cibu’
1217 864 1398 918 suavis
1433 869 1493 918 et
1527 864 1703 918 almus

207 943 509 1013 expediam,
544 959 797 1011 quareve,
834 941 953 994 aliis
988 940 1140 1009 quod
1172 941 1334 994 triste
1371 943 1428 994 et
1463 942 1778 1008 amarumst,

206 1018 309 1073 hoc
343 1022 531 1074 tamen
566 1035 687 1073 esse
720 1018 841 1072 aliis
875 1018 1050 1086 possit
1084 1017 1347 1086 perdulce
1381 1016 1569 1084 videri,

204 1097 469 1163 tantaque
504 1095 570 1148 in
606 1094 691 1148 his
726 1093 891 1147 rebus
926 1093 1192 1146 distantia
1227 1091 1618 1160 differitasque,

205 1173 270 1224 ut
304 1170 453 1238 quod
486 1170 559 1224 ali
591 1169 745 1224 cibus
780 1173 868 1223 est
902 1167 1023 1222 aliis
1057 1168 1178 1222 fuat
1212 1184 1338 1222 acre
1373 1184 1656 1221 venenum.

206 1262 327 1300 esse
360 1246 440 1300 ita
474 1247 595 1313 quit
629 1261 870 1315 serpenS,
906 1244 1140 1299 hominis
1173 1260 1313 1312 quae
1347 1247 1500 1298 tacta
1531 1241 1714 1296 salivis

209 1321 441 1390 disperit
475 1339 539 1378 ac
574 1339 695 1377 sese
729 1320 1036 1376 mandendo
1070 1321 1292 1375 conficit
1325 1320 1456 1389 ipsa.

207 1401 495 1466 praeterea
528 1397 684 1452 nobis
719 1402 997 1452 veratrum
1034 1399 1119 1450 est
1155 1413 1281 1450 acre
1317 1412 1598 1460 venenum,

207 1477 268 1528 at
302 1474 482 1544 capris
516 1475 709 1544 adipes
744 1477 802 1528 et
836 1472 1204 1527 coturnicibus
1239 1475 1419 1539 auget.

207 1553 271 1603 ut
304 1550 501 1620 quibus
533 1550 594 1603 id
627 1551 725 1604 fiat
759 1549 923 1602 rebus
958 1565 1286 1615 cognoscere
1319 1547 1510 1617 possis,

208 1625 472 1695 principio
508 1626 817 1680 meminisse
854 1624 1017 1678 decet
1052 1640 1192 1692 quae
1229 1623 1465 1676 diximus
1498 1627 1643 1691 ante,

214 1702 422 1755 semina
456 1700 797 1755 multimodis
832 1700 889 1754 in
926 1699 1091 1772 rebus
1124 1699 1299 1754 mixta
1334 1700 1542 1772 teneri.⁸

209 1793 374 1847 porro
396 1794 587 1832 omnes
611 1794 984 1846 quaecumque
1008 1777 1192 1830 cibum
1217 1775 1440 1846 capiunt
1462 1775 1781 1843 animantes,

206 1857 272 1907 ut
308 1855 437 1927 sunt
471 1853 761 1907 dissimiles
797 1854 1138 1907 extrinsecus
1173 1856 1232 1907 et
1265 1852 1567 1920 generatim

209 1930 417 1983 extima
451 1929 820 1983 membrorum
856 1928 1290 1983 circumcaesura
1323 1931 1554 1995 coercet,

208 2005 444 2075 proinde
480 2008 539 2059 et
572 2004 871 2058 seminibus
909 2007 1162 2058 constant
1197 2004 1442 2057 variante
1477 2004 1667 2070 figura.

210 2082 415 2135 semina
449 2096 573 2135 cum
607 2096 773 2150 porro
808 2080 1032 2147 distent,
1068 2080 1290 2133 differre
1325 2083 1600 2135 necessest

206 2156 497 2211 intervalla
529 2155 769 2224 viasque,
804 2156 1071 2209 foramina
1104 2172 1245 2223 quae
1281 2155 1643 2226 perhibemus,

209 2232 457 2287 omnibus
490 2231 548 2285 in
583 2231 843 2286 membris
876 2235 937 2286 et
968 2232 1027 2285 in
1062 2247 1158 2285 ore
1191 2232 1420 2301 ipsoque
1454 2231 1654 2301 palato.

209 2324 332 2363 esse
365 2308 575 2361 minora
609 2306 781 2375 igitur
816 2307 1087 2376 quaedam
1123 2308 1438 2375 maioraque
1474 2307 1694 2371 debent,

210 2400 330 2439 esse
364 2383 637 2453 triquetra
671 2383 805 2451 aliis,
842 2383 961 2437 aliis
995 2383 1265 2452 quadrata
1298 2387 1590 2451 necessest,

212 2460 384 2514 multa
416 2458 671 2526 rutunda,
706 2458 885 2513 modis
918 2459 1105 2514 multis
1139 2459 1478 2528 multangula
1511 2458 1793 2529 quaedam.

208 2551 445 2605 namque
478 2535 776 2601 figurarum
811 2535 953 2589 ratio
986 2540 1050 2589 ut
1084 2538 1374 2604 motusque
1406 2539 1716 2605 reposcunt,

211 2610 441 2681 proinde
474 2610 825 2665 foraminibus
862 2610 1070 2665 debent
1105 2610 1329 2665 differre
1363 2612 1586 2679 figurae,

210 2691 269 2742 et
303 2687 515 2742 variam
550 2685 669 2740 viae
700 2685 933 2755 proinde
967 2703 1031 2741 ac
1065 2689 1290 2741 textura
1324 2691 1556 2741 coercet.

212 2765 315 2819 hoe
346 2762 445 2817 ubi
480 2761 628 2830 quod
664 2777 828 2816 suave
862 2764 950 2817 est
983 2761 1105 2815 aliis
1139 2761 1259 2815 aliis
1293 2762 1360 2817 fit
1393 2778 1652 2831 amarum,

213 2839 305 2908 illi,
341 2839 429 2894 cui
464 2853 630 2891 suave
664 2840 765 2905 est,
800 2837 1073 2892 levissima
1107 2844 1339 2906 corpora
1374 2837 1583 2893 debent

212 2912 682 2985 contractabiliter
716 2913 899 2969 caulas
932 2912 1142 2967 intrare
1178 2912 1367 2983 palati,

212 2994 274 3047 at
307 2993 499 3046 contra
531 2989 727 3058 quibus
760 2992 849 3044 est
882 2989 1077 3043 eadem
1113 3006 1205 3043 res
1241 2991 1392 3043 intus
1424 2986 1638 3055 acerba,

213 3083 411 3136 aspera
442 3066 698 3119 nimirum
731 3068 1031 3136 penetrant
1065 3065 1396 3133 hamataque
1427 3063 1626 3119 fauces.

214 3158 359 3197 nunc
390 3139 551 3194 facile
584 3144 674 3195 est
706 3156 775 3194 ex
808 3140 894 3195 his
930 3140 1094 3195 rebus
1128 3155 1452 3208 cognoscere
1486 3156 1747 3209 quaeque.
