2259 3550
1087 148 1138 196 vi

367 283 458 330 121
534 287 739 330 EDENs.
813 276 1195 331 Lachmannus
1219 275 1413 329 eidem.

363 361 496 415 Post
532 367 628 416 189
657 378 765 417 non
799 361 993 416 dubito
1027 362 1161 429 quin
1184 360 1346 415 huius
1374 359 1493 414 fere
1515 358 1667 414 modi
1694 357 1967 414 exciderit

261 464 449 501 versus
473 448 586 500 Res
607 449 885 514 quoniam
922 455 1177 502 crescunt
1213 465 1403 502 omnes
1437 455 1488 502 et
1525 454 1773 514 tempore
1802 452 1963 500 certo,

259 532 504 586 conferas
539 533 699 586 velim
735 550 878 602 quae
911 533 970 586 in
1005 532 1181 586 annal.
1218 532 1478 602 philolog.
1514 530 1776 586 cantabr.
1800 546 1824 584 1
1861 532 1966 588 374

259 617 463 685 scripsi.
536 616 914 671 Lachmannus
938 624 1004 671 ut
1023 634 1147 686 par
1170 624 1248 672 est
1278 618 1489 672 semine
1522 624 1667 672 certo
1694 618 1963 684 Crescere,

260 717 452 768 resque
487 719 666 769 uenus
710 709 939 756 servant
951 721 978 768 ;
1027 702 1199 757 editio
1250 703 1487 773 Iuntina,
1535 718 1701 772 quam
1746 701 1967 772 plurimi

259 785 431 839 secuti
455 789 598 855 sunt,
620 803 721 856 pro
745 794 1040 842 crescentes
1062 787 1233 841 habet
1255 788 1561 841 crescendo,

363 876 466 925 230
534 889 636 941 pro
673 885 872 925 LONGE
915 874 1275 943 Bernaysium
1311 877 1535 928 secutus
1568 874 1725 940 large
1758 871 1964 942 scripsi.

260 947 638 1012 Lachmannus
671 967 997 1026 extentaque
1030 961 1203 1028 lonqe.
1275 961 1323 1014 si
1356 960 1444 1015 vel
1478 960 1665 1016 marei
1698 959 1968 1028 inqenuei

258 1041 513 1109 scribere,
540 1042 627 1096 vel
654 1043 900 1098 dativum
924 1049 1091 1099 mare
1114 1046 1391 1114 Lucretio,
1425 1047 1521 1116 qui
1542 1049 1731 1101 tamen
1753 1061 1783 1100 e
1804 1049 1969 1101 mar&

259 1126 418 1195 dixit,
433 1119 712 1196 adfingere
735 1130 940 1198 liceret,
954 1131 1192 1185 libenter
1222 1133 1524 1187 conicerem
1554 1133 1719 1188 Unde
1735 1149 1962 1188 mare...

259 1213 434 1281 lonqo.
509 1213 586 1268 sic
619 1214 677 1268 in
713 1220 812 1270 326
845 1232 1064 1285 quoquc
1099 1234 1263 1270 nwre
1284 1234 1428 1284 quae
1458 1219 1773 1287 inpendent
1808 1235 1969 1290 expe-

260 1297 476 1353 diretur
509 1300 697 1354 oratio,
769 1300 1066 1355 Grcechius
1103 1305 1177 1369 et,
1212 1302 1363 1371 quod
1388 1304 1570 1374 miror,
1596 1305 1885 1359 Bentleius
1907 1307 1967 1360 et

261 1385 590 1454 Bernaysius
623 1403 786 1441 mare
812 1404 914 1458 pro
944 1388 1253 1442 accusativo
1281 1388 1488 1444 habere
1522 1390 1795 1445 videntur.
1865 1390 1969 1444 hoc

258 1470 363 1524 loci
409 1472 699 1540 sententia,
746 1472 960 1527 collatis
1012 1473 1080 1527 iis
1130 1491 1274 1544 quae
1324 1474 1666 1544 praecedunt
1718 1482 1777 1531 et
1825 1495 1968 1547 quae

260 1561 534 1626 secuntur,
551 1561 632 1612 'et
679 1573 726 1611 11
775 1564 894 1626 590,
940 1560 1221 1626 postulare
1267 1560 1506 1630 videtur,
1553 1560 1775 1630 linguae
1822 1565 1966 1617 ratio

261 1643 487 1710 respuit.

363 1729 462 1785 271
535 1743 636 1796 pro
685 1739 908 1780 CORTUS
955 1728 1148 1799 scripsi
1200 1737 1426 1799 portus,
1485 1734 1705 1787 secutus
1763 1731 1963 1787 librum

262 1816 422 1869 Laur.
453 1815 589 1883 plut.
624 1830 777 1869 xxxv
804 1820 883 1869 31.
958 1815 1340 1870 Lachmannus
1373 1823 1576 1871 cautes,
1645 1817 1807 1870 multi
1840 1834 1961 1871 cum

259 1902 346 1957 ed.
376 1902 526 1956 Iunt.
543 1907 804 1969 pontum.

363 1993 464 2043 289
535 2003 636 2057 pro
683 1998 830 2039 Rm'r
861 1998 982 2045 QUA
1029 1987 1115 2040 bis
1169 1986 1388 2055 scriptis
1446 1986 1711 2040 extremis
1758 1985 1965 2041 litteris

259 2075 434 2142 ruitq.
457 2092 609 2143 aqua
635 2074 782 2129 dedi.
855 2073 1237 2128 Lachmannus
1261 2074 1496 2140 ruitque
1518 2072 1617 2127 ita.

362 2160 460 2213 321
535 2176 636 2229 pro
667 2168 916 2210 SPEOIEM
954 2158 1082 2212 olim
1123 2158 1329 2214 conieci
1352 2173 1509 2225 spem
1544 2172 1783 2224 omnem,
1815 2156 1967 2225 quod

259 2260 330 2299 ne
353 2260 496 2300 nunc
520 2242 746 2313 quidem
769 2243 1031 2312 improbO.

365 2336 468 2387 356
537 2347 638 2400 pro
661 2341 913 2382 POSSENT
939 2330 1134 2400 scripsi
1149 2330 1374 2397 possint
1387 2347 1413 2394 ;
1450 2332 1773 2399 mutataque
1797 2329 1965 2384 inter-

261 2419 556 2489 punctione
617 2417 948 2472 sentcntiam
1008 2416 1309 2485 planiorem
1366 2414 1487 2469 feci.
1582 2416 1647 2468 cf.
1698 2414 1963 2483 Madvigii

259 2505 471 2559 emend.
498 2505 705 2559 Livian.
738 2522 789 2573 p.
815 2509 917 2558 302
945 2504 1181 2557 ‘formae
1213 2518 1323 2555 una
1342 2502 1512 2556 vocali
1540 2501 1815 2556 distantes
1838 2520 1967 2571 poe-

258 2608 390 2658 sem,
405 2591 637 2657 possim,
649 2595 847 2657 posset,
860 2590 1040 2657 possit
1054 2591 1327 2657 perpetuo
1346 2604 1533 2641 errore
1547 2589 1964 2656 permutantur'.

262 2684 640 2737 Lachmannus
680 2682 844 2746 Quod
866 2699 922 2735 η.
957 2681 996 2734 i.
1021 2682 1157 2748 sint,
1181 2697 1229 2747 q.
1252 2698 1313 2748 p.
1336 2698 1376 2735 c.
1402 2697 1451 2747 q.
1498 2679 1774 2733 Transire
1807 2679 1969 2734 haud

263 2787 314 2823 u.
348 2771 403 2834 fi
437 2786 486 2823 r.
523 2769 744 2823 videres
758 2788 783 2833 ,·
833 2767 981 2837 quod
1014 2767 1105 2821 vix
1143 2767 1400 2821 Latinum
1437 2766 1695 2831 videtur3
1738 2780 1965 2834 prorsus

260 2855 406 2909 enim
441 2854 720 2909 diversum
748 2858 834 2908 cst
885 2869 922 2907 v
943 2856 1062 2910 276.
1134 2855 1235 2910 357
1268 2852 1527 2921 quadrati
1550 2862 1869 2904 VALERENT
1894 2868 1965 2906 ex

258 2941 538 3009 geminata
560 2953 715 2992 ULM
742 2944 801 2993 ct
825 2952 1024 2992 FIEREI
1047 2942 1232 2993 ortum
1254 2939 1487 2993 videtur.

363 3030 465 3085 367
537 3028 623 3081 ed.
653 3030 797 3080 lunt.
834 3029 987 3081 recte
1010 3026 1180 3079 vacui
1211 3025 1418 3077 minus.
1492 3024 1681 3091 quadr.
1718 3028 1779 3077 et
1814 3022 1964 3076 sche-

260 3111 366 3168 dae
379 3125 614 3167 VAcmM
639 3124 846 3164 MINUS.
899 3110 1281 3163 Lachmannus
1305 3126 1428 3163 cum
1447 3110 1681 3177 oblongo
1702 3125 1961 3163 vacuum.

363 3202 468 3253 434
501 3199 559 3251 et
596 3202 697 3251 435
745 3194 1181 3264 transponendos
1224 3211 1345 3247 esse
1390 3197 1519 3247 ante
1558 3194 1961 3247 Lachmannum
