2259 3550
1130 100 1277 157 1111
1977 103 2054 161 93

346 209 639 274 propterca
676 206 802 274 quia
838 210 967 257 sunt
1004 221 1033 257 c
1068 204 1262 272 primis
1296 205 1446 259 facta
1479 205 1708 260 minutis

347 298 488 350 quae
522 282 675 350 quasi
710 280 987 334 cuduntur
1020 296 1232 349 perque
1267 281 1410 334 aeris
1444 282 1797 336 intervallum

346 375 455 412 non
493 357 752 411 dubitant
789 357 1026 410 transire
1064 358 1320 426 sequenti
1355 359 1568 413 concita
1603 359 1766 428 plaga

256 461 323 496 m
347 451 557 505 perque
591 433 777 488 volare
811 449 963 486 mare
998 449 1061 486 ac
1097 437 1279 488 terras
1315 434 1636 503 caelumque
1670 436 1867 502 rigare.

258 533 325 568 ιω
350 509 739 580 suppeditatur
775 509 919 562 enim
956 509 1243 562 confestim
1279 509 1482 563 lumine
1515 510 1698 564 lumen
1984 527 2056 566 iso

350 591 411 641 et
445 585 600 656 quasi
637 585 851 654 protelo
888 584 1204 638 stimulatur
1238 585 1452 654 fulgere
1485 585 1684 656 fulgur.

350 665 687 732 quapropter
722 661 1013 714 simulacra
1048 662 1169 730 pari
1205 661 1418 716 ratione
1451 677 1674 718 necesse
1709 668 1798 720 est

349 738 759 792 inmemorabile
796 755 897 806 per
931 739 1172 806 spatium
1209 741 1586 792 transcurrere
1621 755 1782 808 posse

350 815 614 884 temporis
648 814 705 866 in
743 817 963 882 punem,
999 815 1238 882 primum
1277 814 1424 882 quod
1458 815 1684 884 parvola
1718 833 1883 872 causa

350 895 437 945 est
472 890 659 962 procul
697 906 730 943 a
764 895 923 958 tergo
959 907 1099 958 quac
1137 891 1402 958 provehat
1437 895 1604 959 atque
1639 892 1926 961 propellat,
1983 907 2056 948 19⁵

259 988 323 1021 m
350 966 551 1022 deinde
586 965 737 1036 quod
772 981 948 1035 usque
984 966 1123 1019 adeo
1161 970 1386 1019 textura
1420 966 1674 1036 praedita
1707 985 1834 1022 rara

349 1043 663 1110 mittuntur,
699 1041 861 1096 facile
894 1045 960 1095 ut
996 1043 1214 1109 quasvis
1249 1046 1540 1112 penetrare
1575 1048 1780 1112 queant
1813 1061 1906 1100 res

348 1123 409 1174 et
446 1118 601 1188 quasi
637 1133 963 1187 permanare
997 1135 1099 1187 per
1135 1119 1278 1172 aeris
1313 1119 1674 1174 intervallum.

347 1199 639 1265 praeterea
674 1194 861 1260 siquae
896 1195 1121 1262 penitus
1157 1196 1476 1262 corpuscula
1513 1213 1696 1251 rerum

258 1288 324 1321 no
347 1288 416 1326 ex
454 1271 675 1339 altoque
710 1269 857 1326 foras
892 1270 1205 1334 mittuntur,
1243 1270 1370 1324 solis
1405 1272 1488 1324 uti
1524 1272 1618 1325 lux
1983 1289 2057 1329 2⁰0

347 1363 411 1402 ac
450 1363 629 1415 vapor,
667 1347 803 1400 haec
837 1349 1044 1414 puncto
1078 1351 1380 1399 cernuntur
1414 1347 1568 1416 lapsa
1602 1349 1709 1402 diei

346 1440 447 1491 per
482 1426 661 1476 totum
698 1421 835 1476 caeli
872 1421 1111 1490 spatium
1149 1421 1460 1476 diffundere
1496 1440 1628 1477 sese.

346 1499 479 1568 quid
516 1515 656 1566 quae
694 1501 823 1552 sunt
858 1497 1026 1566 igitur
1058 1497 1171 1550 iam
1205 1499 1382 1567 prima
1417 1499 1599 1554 fronte
1637 1505 1864 1569 parata?

257 1591 323 1624 ιω
347 1592 473 1630 cum
510 1575 781 1628 iaciuntur
816 1577 875 1628 et
911 1575 1168 1628 emissum
1204 1591 1296 1628 res
1331 1575 1482 1628 nulla
1515 1582 1776 1644 moratur,

259 1672 323 1705 m
346 1652 495 1719 quod
533 1654 797 1720 superest,
832 1650 926 1703 ubi
964 1654 1077 1704 tam
1113 1651 1320 1704 volucri
1357 1651 1582 1706 levitate
1615 1652 1876 1719 ferantur,
1983 1670 2055 1709 205

259 1741 325 1774 κο
346 1744 527 1797 quone
564 1727 719 1781 vides
756 1727 919 1783 citius
956 1727 1162 1782 debere
1199 1733 1256 1783 et
1291 1727 1504 1797 longius
1539 1729 1620 1784 ire

346 1804 741 1874 multiplexque
779 1804 878 1856 loci
916 1804 1148 1872 spatium
1188 1809 1562 1859 transcurrere
1597 1808 1790 1862 eodem

346 1885 595 1950 tempore
630 1896 739 1949 quo
775 1880 901 1933 solis
938 1881 1261 1948 pervolgant
1294 1880 1502 1934 lumina
1537 1884 1780 1939 caelum?

346 1956 448 2012 hoc
484 1957 651 2011 etiam
686 1957 743 2010 in
779 1956 969 2026 primis
1004 1957 1281 2024 specimen
1318 1973 1508 2011 verum
1544 1974 1665 2012 esse
1698 1960 1918 2015 videtur

346 2050 511 2103 quam
547 2033 711 2087 celeri
746 2035 901 2086 motu
934 2048 1119 2085 rerum
1157 2033 1444 2087 simulacra
1478 2033 1741 2102 ferantur,
1985 2051 2057 2091 210

347 2109 499 2178 quod
534 2109 693 2162 simul
729 2125 793 2162 ac
826 2108 1065 2177 primum
1100 2108 1206 2162 sub
1242 2108 1340 2161 diu
1375 2108 1636 2176 splendor
1669 2112 1833 2180 aquai

346 2187 583 2255 ponitur,
616 2184 890 2251 extemplo
927 2184 1077 2237 caelo
1113 2184 1370 2238 stellante
1405 2200 1596 2239 serena

347 2262 531 2316 sidera
563 2260 898 2329 respondent
931 2261 989 2313 in
1025 2275 1170 2329 aqua
1201 2259 1474 2313 radiantia
1507 2262 1708 2315 mundi.

346 2338 529 2393 iamne
560 2336 715 2392 vides
749 2336 917 2425 igitur
951 2352 1115 2404 quam
1152 2338 1352 2403 puncto
1389 2338 1636 2405 tempore
1667 2337 1850 2406 imago

347 2414 587 2469 aetheris
620 2429 691 2467 ex
725 2413 835 2465 oris
870 2412 926 2464 in
962 2414 1237 2465 terrarum
1273 2410 1486 2465 accidat
1519 2414 1676 2467 oras?
1984 2430 2057 2471 215

346 2508 517 2561 quare
550 2488 720 2544 etiam
754 2493 920 2556 atque
955 2488 1121 2542 etiam
1157 2488 1296 2541 mira
1327 2486 1538 2541 fateare
1573 2494 1850 2544 necessest

348 2659 573 2711 corpora
606 2607 749 2712 quae
782 2641 985 2695 feriant
1018 2640 1201 2694 oculos
1235 2606 1519 2711 visumque
1552 2606 1834 2699 lacessant.
1893 2632 2014 2716 (ὅ
2096 2693 2112 2724 ,,
2173 2610 2201 2634 ’-

345 2721 721 2788 perpetuoque
754 2716 933 2770 fluunt
967 2717 1131 2770 certis
1167 2716 1238 2770 ab
1272 2716 1438 2772 rebus
1473 2717 1696 2782 odorem

344 2794 519 2863 frigus
553 2797 618 2848 ut
652 2808 685 2846 a
719 2792 913 2860 fluviis,
947 2792 1093 2845 oelor
1126 2792 1200 2846 ab
1234 2793 1362 2861 sole,
1400 2799 1584 2848 aestus
1618 2760 1696 2847 ab,
1723 2794 1888 2849 undis

346 2870 597 2939 aequoris
631 2883 826 2923 exesor
858 2884 1166 2922 moerorum
1199 2869 1360 2923 litora
1395 2871 1610 2924 circum.
1985 2885 2056 2925 220

348 2962 449 3000 nec
484 2945 666 2999 variae
701 2948 917 2999 cessant
954 2961 1111 2998 voces
1148 2945 1378 2999 volitare
1413 2962 1514 3013 per
1549 2961 1726 3001 auras.

346 3021 587 3091 denique
618 3022 675 3074 in
712 3036 773 3074 os
811 3020 939 3073 salsi
973 3020 1126 3075 venit
1159 3037 1318 3074 umor
1353 3038 1517 3091 saepe
1551 3022 1778 3090 saporis,

348 3112 473 3153 cum
506 3112 657 3151 mare
690 3112 971 3150 versamur
1004 3099 1250 3165 propter,
1284 3096 1570 3166 dilutaque
1605 3100 1798 3152 contra

350 3188 474 3228 cum
508 3172 717 3227 tuimur
752 3172 967 3225 misceri
1002 3171 1290 3238 absinthia,
1326 3172 1508 3241 tangit
1541 3187 1767 3225 amaror.
