2259 3550
126 3230 331 3317 Aa*

249 114 357 170 146
1073 108 1126 164 V

239 215 418 269 dulcia
452 214 771 282 linquebant
806 213 1044 269 labentis
1078 213 1287 268 lumina
1320 213 1481 269 vitae.

234 307 377 345 unus
412 292 555 344 enim
591 294 711 344 tum
747 290 977 359 quisquc
1013 290 1186 358 magis
1225 289 1530 359 deprensus
1563 306 1752 346 eorum
1899 307 1980 348 900

234 366 435 436 pabula
470 367 591 419 viva
624 367 757 420 feris
795 365 1111 436 praebebat,
1150 366 1410 421 dentibus
1443 367 1690 433 haustus,

238 446 297 496 et
330 459 556 496 nemora
592 459 655 496 ac
692 443 893 496 montis
927 445 1139 510 gemitu
1175 443 1448 512 silvasque
1484 442 1738 512 replebat

239 520 359 572 viva
395 518 587 573 videns
625 519 748 572 vivo
785 519 1005 588 sepeliri
1041 520 1252 574 viscera
1287 519 1467 574 bust0.

238 598 299 648 at
332 612 468 664 quos
502 595 762 664 effugium
800 598 1048 650 servarat
1082 612 1315 665 corpore
1349 595 1530 662 adem,

238 673 512 740 posterius
548 673 811 728 tremulas
848 689 1017 742 super
1048 672 1235 727 ulcera
1269 675 1452 726 taetra
1486 676 1742 727 tenentes
1901 686 1979 726 005

239 748 447 816 palmas
482 747 763 802 horriferis
798 749 1045 802 accibant
1081 748 1305 802 vocibus
1343 748 1562 815 Orcum,

239 823 475 891 donique
511 840 605 878 eos
640 825 755 878 vita
792 825 1075 892 privarant
1111 825 1357 878 vermina
1392 841 1554 879 saeva

238 901 481 968 expertis
516 902 651 970 opis,
688 903 905 969 ignaros
941 901 1075 970 quid
1109 901 1330 954 volnera
1366 900 1584 954 vellent.

238 979 298 1029 at
332 992 438 1029 non
474 977 647 1031 multa
682 977 861 1030 virum
896 977 999 1032 sub
1036 977 1203 1044 signis
1239 977 1389 1029 milia
1425 976 1593 1031 ducta

238 1069 347 1106 una
382 1053 501 1106 dies
538 1053 707 1107 dabat
742 1054 908 1107 exitio
945 1070 1045 1108 nec
1082 1052 1306 1106 turbida
1341 1053 1496 1120 ponti
1878 1066 1978 1105 1000

238 1145 473 1196 aequora
509 1129 769 1200 fligebant
804 1131 957 1184 navis
992 1129 1062 1182 ad
1102 1146 1233 1182 saxa
1269 1129 1535 1198 virosque.

238 1205 324 1258 hic
360 1208 568 1259 temere
602 1206 658 1260 in
695 1223 908 1260 cassum
944 1206 1151 1260 frustra
1185 1222 1338 1259 mare
1375 1221 1538 1274 saepe
1573 1207 1821 1259 coortum

239 1281 483 1336 saevibat
519 1282 823 1352 leviterque
858 1283 1033 1336 minas
1067 1282 1310 1351 ponebat
1346 1281 1536 1346 inaniS‚

238 1375 337 1411 nec
374 1363 593 1427 poterat
626 1375 953 1428 quemquam
988 1359 1194 1428 placidi
1227 1357 1455 1427 pellacia
1489 1357 1644 1424 ponti

236 1435 463 1488 subdola
498 1436 752 1504 pellicere
786 1437 842 1489 in
876 1435 1125 1489 fraudem
1161 1434 1470 1488 ridentibus
1505 1431 1680 1486 undis.
1876 1447 1976 1486 1005

239 1525 453 1557 IMPROBA
480 1527 672 1559 NAVIGn
698 1528 839 1560 RATIO
866 1527 968 1560 TUM
994 1527 1148 1560 CAEGA
1180 1527 1387 1559 IACEBAT

240 1591 355 1640 tum
392 1588 621 1656 penuria
657 1587 858 1642 deinde
894 1589 1002 1642 cibi
1039 1590 1352 1658 languentia
1389 1590 1506 1660 leto

156 1707 202 1738 ,μ
240 1662 484 1716 membra
522 1662 705 1729 dabat,
744 1668 935 1718 contra
968 1682 1111 1718 nunc
1150 1681 1336 1718 rerum
1371 1664 1528 1733 copia
1563 1668 1783 1718 mersat.

21 1737 48 1760 ·’
98 1759 118 1792 ι
147 1772 156 1779 ψ-
190 1801 197 1809 ⁴
223 1737 313 1791 silli
351 1737 708 1811 inprudentes
743 1739 847 1810 ipsi
882 1740 986 1794 sibi
1024 1757 1188 1811 saepe
1225 1755 1490 1795 venenum

172 1814 179 1821 '
238 1816 554 1885 vergebant,
589 1817 779 1885 nuptis
814 1834 969 1870 nunc
1006 1818 1143 1871 dant
1179 1817 1437 1871 sollertiu’
1479 1818 1675 1887 sponsi.
1874 1831 1978 1871 1010

55 1872 274 1974 ’eff-ys
309 1892 449 1945 Inde
484 1909 635 1947 casas
668 1897 795 1961 post
829 1910 992 1962 quam
1029 1910 1090 1946 ac
1128 1894 1284 1961 pellis
1319 1895 1616 1963 ignemque
1651 1902 1934 1963 pararunt,

237 1971 295 2021 et
330 1968 525 2022 mulier
560 1969 847 2024 coniuncta
881 1970 996 2022 viro
1032 1970 1302 2023 concessit
1337 1970 1394 2023 in
1429 1986 1596 2022 unum

238 2045 539 2114 conubium,
577 2046 895 2116 prolemque
932 2064 999 2101 ex
1038 2063 1096 2099 se
1132 2046 1320 2100 videre
1355 2050 1613 2113 creatam,

238 2125 355 2174 tum
390 2138 563 2190 genus
598 2123 892 2176 humanum
927 2122 1164 2191 primum
1199 2121 1517 2177 mollescere
1550 2121 1746 2190 coepit.

238 2199 379 2265 ignis
414 2199 555 2252 enim
592 2199 802 2253 curavit
836 2202 901 2252 ut
936 2197 1072 2251 alsia
1107 2214 1338 2266 corpora
1373 2198 1547 2267 frigus
1874 2214 1978 2252 1015

237 2292 339 2327 non
377 2275 457 2328 ita
490 2274 599 2327 iam
634 2278 861 2344 possent
895 2274 1028 2329 caeli
1065 2274 1168 2327 sub
1205 2274 1447 2341 tegmine
1482 2275 1644 2344 ferre,

236 2355 293 2404 et
335 2351 521 2405 Venus
554 2350 811 2404 inminuit
845 2351 974 2403 viris
1007 2350 1273 2419 puerique
1309 2356 1598 2419 parentum

234 2427 515 2481 blanditiis
546 2427 707 2481 facile
741 2427 1020 2495 ingenium
1054 2425 1270 2494 fregere
1308 2427 1616 2495 superbum.

235 2507 365 2557 tunc
402 2507 461 2557 et
494 2504 789 2558 amicitiem
823 2506 1120 2572 coeperunt
1154 2502 1380 2571 iungere
1415 2508 1638 2559 aventes

237 2579 453 2633 finitimi
488 2580 636 2633 inter
670 2597 730 2633 se
765 2596 865 2633 nec
899 2579 1121 2635 laedere
1157 2596 1258 2633 nec
1295 2580 1498 2643 violari,
1871 2594 1976 2635 1020

236 2657 295 2707 et
328 2670 527 2724 pueros
560 2656 1015 2709 commendarunt
1051 2655 1430 2724 muliebreque
1465 2659 1718 2726 saeclum,

237 2730 456 2784 vocibus
488 2732 549 2785 et
582 2735 747 2798 gestu
780 2747 903 2785 cum
940 2730 1101 2785 balbe
1136 2730 1510 2797 significarent

234 2806 625 2861 imbecillorum
662 2823 783 2861 esse
818 2823 1005 2861 aecum
1044 2807 1356 2860 misererier
1392 2809 1580 2861 omnis.

235 2898 337 2937 1100
371 2887 557 2937 tamen
592 2882 916 2937 omnimodis
950 2886 1170 2950 poterat
1204 2883 1494 2937 concordia
1525 2884 1692 2953 gigni,

235 2959 336 3011 sed
369 2958 511 3012 bona
546 2976 854 3028 magnaque
888 2976 1017 3027 pars
1052 2958 1310 3011 servabat
1345 2959 1569 3013 foedera
1605 2964 1783 3024 caste3
1871 2974 1971 3015 1025

235 3037 332 3087 aut
366 3049 539 3100 genus
574 3034 871 3088 humanum
906 3035 1013 3087 iam
1049 3036 1170 3087 tum
1207 3034 1350 3087 foret
1385 3050 1545 3089 omne
1577 3039 1924 3103 peremptum

234 3124 336 3163 nec
370 3111 639 3175 potuisset
675 3110 853 3163 adhuc
888 3108 1194 3176 perducere
1231 3109 1409 3162 saecla
1445 3126 1698 3178 propago.

254 3212 285 3244 f
309 3186 391 3235 At
426 3185 603 3249 varios
639 3186 854 3250 linguae
891 3184 1101 3236 sonitus
1136 3187 1333 3235 natura
1369 3184 1585 3247 subegit

253 3302 382 3429 0¹-
