2259 3550
200 99 311 156 152
1017 92 1081 148 V

190 218 300 256 non
336 201 519 253 divom
555 213 741 267 pacem
776 195 921 250 votis
953 195 1075 250 adit
1108 211 1174 250 ac
1209 213 1373 265 prece
1408 197 1628 266 quaesit

193 281 480 332 ventorum
516 273 747 344 pavidus
781 286 944 342 paces
980 271 1300 340 animasque
1335 273 1618 336 secundas,
1809 287 1910 330 12³0

192 352 537 422 nequiquam,
572 349 831 417 quoniam
862 347 1101 402 violento
1135 347 1362 402 turbine
1398 363 1563 417 saepe

192 431 478 496 correptus
511 425 623 478 nilo
656 425 835 479 fertur
868 423 1049 477 minus
1082 423 1157 487 ad
1191 423 1334 477 vada
1367 424 1498 478 leti?
1555 427 1570 449 '

191 519 363 571 usque
398 502 538 556 adeo
574 517 665 555 res
698 500 962 554 humanas
994 498 1079 553 vis
1112 499 1308 554 abdita
1343 501 1614 568 quaedam

192 579 397 648 opterit
432 581 491 632 et
524 576 779 646 pulchros
810 575 973 630 fascis
1006 591 1306 644 saevasque
1341 593 1563 630 secures

195 655 508 723 proculcare
542 669 605 707 ac
641 651 877 706 ludibrio
911 650 1019 705 sibi
1053 650 1259 706 habere
1295 652 1529 707 videtur.
1803 669 1906 708 1235

194 731 429 798 denique
466 729 567 782 sub
601 727 837 798 pedibus
872 727 1037 782 tellus
1072 743 1198 781 cum
1234 732 1354 782 tota
1389 729 1608 783 vacillat

192 822 585 874 concussaeque
620 805 825 859 cadunt
858 803 1025 858 urbes
1060 802 1369 871 dubiaeque
1403 805 1699 870 minantur,

192 882 325 950 quid
361 882 559 935 mirum
596 881 639 935 si
676 897 735 934 se
770 883 1024 934 temnunt
1058 880 1312 934 morta-lia
1347 881 1529 935 saecla

38 1007 43 1014 .
192 962 357 1028 atque
392 957 685 1026 potestatis
718 971 944 1024 magnas
978 955 1258 1024 mirasque
1293 957 1570 1025 relinqunt

194 1035 249 1086 in
284 1032 451 1087 rebus
486 1033 615 1086 viris
650 1032 853 1100 divum,
888 1048 1031 1100 quae
1064 1035 1261 1086 cuneta
1295 1033 1641 1101 gubernent?
1803 1047 1902 1086 1240

261 1108 419 1174 Quod
438 1111 701 1178 superest,
720 1124 813 1162 aes
830 1112 996 1178 atque
1012 1125 1205 1162 aurum
1219 1108 1538 1177 ferrumque
1557 1113 1898 1178 repertumst

25 1137 250 1386 ’yet
287 1184 441 1239 simul
478 1185 691 1253 argenti
728 1185 942 1254 pondus
976 1184 1296 1254 plumbique
1331 1189 1592 1254 potestas,

194 1262 331 1328 iguis
365 1261 459 1316 ubi
494 1261 729 1330 ingentis
764 1260 927 1315 silvas
962 1260 1162 1314 ardore
1197 1267 1468 1316 cremarat

195 1336 468 1391 montibus
500 1338 555 1390 in
591 1338 813 1406 magnis,
848 1353 944 1390 seu
978 1336 1113 1390 caeli
1148 1336 1374 1391 fulmine
1412 1338 1595 1404 misso,

8 1400 83 1485 Q
193 1414 305 1467 sive
342 1414 489 1482 quod
525 1414 671 1468 inter
704 1430 763 1467 se
798 1413 1000 1467 bellum
1038 1412 1291 1467 silvestre
1323 1417 1580 1482 gerentes
1798 1427 1898 1466 ms

194 1491 437 1546 hostibus
472 1490 773 1544 intulerant
806 1490 987 1558 ignem
1024 1488 1334 1543 formidinis
1369 1507 1516 1558 ergo,

192 1566 304 1620 sive
342 1566 489 1634 quod
523 1566 733 1619 inducti
769 1569 951 1618 terrae
987 1563 1238 1618 bonitate
1270 1564 1528 1619 volebant

191 1644 433 1712 pandere
469 1658 629 1710 agros
663 1641 879 1710 pinguis
914 1645 973 1694 et
1006 1657 1209 1707 pascua
1243 1641 1482 1696 reddere
1517 1658 1663 1708 iura,

190 1718 303 1772 sive
338 1719 482 1772 feras
516 1717 825 1771 interficere
860 1719 920 1770 et
954 1717 1224 1770 ditescere
1257 1717 1479 1786 praeda.

190 1812 314 1848 nam
348 1796 505 1847 fovea
540 1798 705 1862 atque
740 1793 854 1861 igni
889 1794 1042 1862 prius
1078 1797 1165 1848 est
1199 1795 1448 1848 venarier
1483 1798 1668 1847 ortum
1797 1808 1896 1848 125⁰

142 1880 145 1885 “
192 1887 354 1940 quam
393 1870 604 1939 saepire
638 1869 815 1938 plagis
850 1869 1049 1923 saltum
1086 1869 1420 1937 canibusque
1455 1870 1614 1923 ciere.

191 1946 455 2015 quidquid
492 1946 549 1999 id
584 1950 684 2012 est,
722 1962 1061 2015 quacumque
1096 1962 1127 1997 e
1165 1961 1327 1999 causa
1362 1946 1647 1999 flammeus
1682 1944 1850 1999 ardor

191 2023 433 2076 horribili
470 2022 649 2076 sonitu
686 2022 849 2075 silvas
882 2020 1148 2075 exederat
1181 2020 1310 2075 altis

190 2098 258 2151 ab
294 2099 565 2153 radicibus
602 2104 659 2153 et
695 2101 899 2151 terram
936 2100 1261 2165 percoxerat
1296 2096 1420 2164 igni,

190 2174 445 2229 manabat
485 2175 633 2228 venis
666 2172 1003 2227 ferventibus
1039 2173 1091 2225 in
1128 2172 1248 2225 loca
1283 2174 1469 2225 terrac
1794 2187 1895 2227 1255

190 2268 420 2305 concava
455 2251 776 2304 conveniens
812 2248 1025 2315 argenti
1062 2248 1212 2302 rivus
1247 2254 1306 2303 et
1343 2248 1475 2312 auri,

189 2328 330 2381 aeris
364 2327 495 2380 item
534 2329 591 2379 ct
626 2326 846 2394 plumbi.
882 2341 1021 2391 quac
1056 2341 1183 2380 cum¹
1215 2327 1470 2379 concreta
1505 2324 1766 2379 videbant

190 2403 459 2471 posterius
497 2402 643 2455 claro
678 2402 734 2455 in
770 2405 921 2455 terra
957 2400 1250 2469 splendere
1285 2401 1480 2464 colore,
1533 2398 1542 2405 ’

188 2479 456 2533 tollebant
491 2478 669 2533 nitido
702 2478 849 2547 capti
884 2477 1097 2547 levique
1131 2476 1334 2545 lepore,

188 2560 246 2610 ct
282 2555 443 2609 simili
479 2555 714 2607 formata
748 2553 1008 2608 videbant
1042 2568 1164 2606 csse
1201 2553 1376 2619 figura
1794 2566 1894 2605 iaso

188 2635 355 2699 atque
391 2630 702 2685 lacunarum
737 2631 957 2684 fuerant
991 2628 1226 2696 vestigia
1261 2628 1471 2697 cuique.

188 2714 305 2764 tum
340 2706 669 2777 penetrabat
704 2722 798 2759 eos
830 2722 991 2775 posse
1026 2704 1164 2759 haec
1199 2705 1496 2773 liquefacta
1531 2705 1709 2758 calore

186 2785 485 2855 quamlibet
520 2784 575 2836 in
611 2784 841 2835 formam
876 2784 937 2836 et
970 2780 1166 2835 faciem
1201 2780 1497 2835 decurrere
1533 2796 1716 2833 rerum

186 2866 245 2918 et
277 2876 529 2931 prorsum
564 2858 811 2928 quamvis
845 2858 901 2911 in
937 2861 1099 2911 acuta
1130 2873 1196 2911 ac
1230 2857 1416 2911 tenvia
1451 2873 1609 2924 posse

186 2954 500 2993 mucronum
538 2936 660 2989 duci
695 2933 915 3001 fastigia
948 2933 1317 3002 procudendo,
1791 2948 1890 2986 1265

184 3017 249 3068 ut
284 3012 388 3067 sibi
423 3014 538 3066 tela
572 3012 783 3078 darent,
819 3011 1090 3077 silvasque
1124 3013 1192 3061 ut
1224 3008 1454 3061 caedere
1489 3011 1714 3076 possent

186 3088 578 3156 materiemque
614 3088 801 3140 dolare
834 3089 894 3141 et
927 3086 1067 3139 levia
1101 3084 1299 3137 radere
1334 3084 1488 3151 tigna

184 3168 242 3218 et
274 3162 558 3216 terebrare
593 3164 760 3217 etiam
796 3178 859 3216 ac
894 3160 1232 3231 pertundere
1269 3175 1478 3227 perque
1511 3160 1708 3213 forare.
