2259 3550
1006 116 1098 168 viii

327 258 618 309 599-634,
686 253 864 308 locum
897 252 1043 306 hunc
1063 250 1353 304 -difficilem
1384 265 1531 317 sane,
1567 249 1669 304 sed.
1706 248 1929 304 minime

223 342 556 410 corruptum,
583 355 769 392 omnes
808 336 1048 391 editores
1071 354 1105 390 a
1131 334 1397 390 Lambino
1438 351 1615 404 usque
1649 334 1721 388 ad
1758 334 1926 388 Lach-

221 439 478 476 mannum
504 427 562 476 et
586 421 942 490 Bernaysium
979 421 1209 474 diversis
1244 421 1419 474 modis
1454 421 1705 475 certatim
1730 421 1925 490 depra-

223 514 432 564 varunt.
501 510 746 563 conferas
795 508 956 561 velim
1006 525 1147 576 quae
1183 509 1303 562 fuse
1338 508 1467 562 olim
1503 508 1575 562 do
1610 524 1677 562 eo
1711 508 1769 562 in
1804 525 1923 562 ann.

219 594 352 664 phil.
386 595 643 650 Cantabr.
667 611 690 650 1
721 613 810 665 pp.
838 601 1042 650 29-“-32
1077 599 1137 649 et
1169 600 1445 651 252--258
1483 595 1780 664 disputavi.
1835 596 1924 649 hic

220 680 465 760 brexsiter
490 699 630 751 quae
653 683 1032 738 Lachmannus
1065 685 1311 752 peccavit
1338 687 1528 738 notare
1564 681 1699 736 satis
1732 681 1923 750 habeo,

221 766 314 835 qui
339 774 438 822 599
465 769 605 838 quia
629 785 769 824 nam
794 768 953 824 dedit
987 787 1088 840 pro
1123 781 1418 838 QUONIAM,
1455 777 1557 826 600
1589 786 1691 839 pro
1724 779 1922 822 11.st

219 850 407 918 ullius,
423 858 522 906 611
544 853 798 907 ullorum
820 871 922 924 pro
946 865 1233 910 ILLORUM.
1306 855 1425 924 ipse
1448 855 1691 910 illarum
1714 853 1921 923 scripsi.

217 941 320 991 628
344 938 664 1006 pravissime
702 939 998 994 Lambinus
1034 941 1102 995 ni
1135 958 1237 1010 pro
1272 953 1326 993 SI
1358 945 1418 997 et
1454 947 1550 997 631
1590 941 1789 996 multis
1820 956 1920 1009 pro

215 1031 464 1092 NULL1s3
499 1041 664 1093 quem
689 1026 862 1080 secuti
885 1030 1015 1081 sunt
1037 1044 1227 1081 omnes
1250 1028 1323 1081 ad
1346 1045 1514 1082 unum
1539 1028 1794 1084 editores.

321 1114 422 1162 645
491 1127 600 1166 cur
623 1114 848 1181 possim
879 1130 988 1168 esce
1030 1115 1263 1180 requiro
1300 1115 1417 1169 sine
1450 1120 1583 1170 nota
1616 1115 1911 1183 interroga·

215 1191 382 1246 tionis
428 1197 636 1265 scripsi.
690 1197 1037 1253 membranae
1078 1203 1140 1254 ct
1183 1200 1427 1254 editores
1470 1204 1660 1255 contra
1700 1201 1919 1269 linguae

214 1276 366 1346 leges
388 1292 507 1332 cun
531 1287 815 1339 POSSENT?

319 1368 419 1423 657
478 1385 578 1438 pro
603 1379 764 1422 MUSE
788 1371 917 1425 dedi
941 1371 1114 1427 nasci.
1176 1373 1553 1428 Lachmannus
1576 1376 1773 1429 adesse.
1811 1373 1916 1428 hoe

213 1450 534 1506 vocabulum
567 1454 822 1510 ultimum
856 1460 979 1511 erat
1012 1457 1290 1527 archetypi
1327 1459 1557 1527 paginae
1596 1459 1917 1514 vicensimae

212 1535 492 1606 septimae.

318 1627 416 1676 681
491 1634 632 1674 ALIO
657 1640 781 1678 cum
809 1625 1141 1680 membranis
1167 1627 1554 1682 Lachmannus.
1606 1628 1915 1696 Lambinus,

213 1707 505 1777 flagitante
531 1712 820 1780 sententia,
847 1712 982 1766 alia.

318 1796 418 1851 720
490 1812 591 1864 pro
614 1808 802 1849 UNDIS
827 1798 1207 1854 Lachmannus
1232 1801 1478 1855 undans.

319 1882 418 1938 752
487 1898 676 1935 versus
701 1882 760 1937 in
793 1884 903 1937 fine
944 1884 1171 1939 mutilus
1214 1889 1314 1940 est.
1364 1886 1655 1941 Lucretius
1698 1889 1916 1958 scripsit

213 1967 279 2021 in
330 1968 460 2024 illie.
517 1968 894 2023 Lachmannus
936 1970 1276 2039 ineptissime
1320 1988 1615 2039 prorsum.
1676 1973 1747 2029 cf.
1792 1990 1912 2029 ann.

208 2053 340 2122 phil.
368 2053 527 2108 Cant.
556 2070 580 2108 1
601 2071 652 2122 p.
679 2060 759 2109 29.

317 2142 414 2195 755
488 2146 672 2206 utque.
741 2138 869 2193 libri
891 2151 1091 2206 UTQUI,
1114 2145 1180 2194 ut
1204 2156 1263 2194 vl
1290 2145 1440 2198 1007.
1510 2144 1612 2197 753
1645 2159 1747 2210 pro
1769 2152 1915 2194 ITEM

212 2226 588 2281 Lachmannus
611 2228 740 2293 αἰεί,
765 2230 824 2281 et
851 2228 950 2284 755
973 2243 1076 2295 pro
1099 2238 1282 2286 UTQUI
1306 2226 1455 2281 idem
1479 2242 1667 2293 mque.
1712 2229 1779 2285 cf.
1792 2246 1915 2284 ann.

209 2309 338 2378 phil.
366 2310 524 2365 Cant.
547 2326 570 2365 1
593 2328 645 2379 p.
675 2317 756 2366 39.

316 2398 431 2464 769,
468 2412 632 2465 quem
656 2395 887 2467 omisi‚=
903 2398 1016 2454 762.

315 2484 415 2540 778
475 2492 754 2537 OPORTET.
786 2482 1165 2535 Lachmannus
1180 2489 1453 2550 necessest,
1459 2487 1525 2538 ut
1537 2484 1672 2538 mihi
1691 2484 1915 2554 quidem

207 2566 440 2635 videtur,
467 2568 582 2621 sine
605 2566 721 2621 ulla
743 2566 966 2619 minima
988 2582 1165 2620 causa.

311 2660 412 2707 806
483 2652 610 2705 libri
625 2665 710 2705 ΕΤ.
763 2652 1074 2705 Priscianus
1097 2659 1162 2703 ut
1164 2668 1351 2717 ,quem
1374 2652 1679 2706 rectissime
1698 2655 1917 2707 secutus

209 2740 296 2791 est
321 2738 659 2805 Bernaysius.
684 2738 750 2791 cf.
774 2754 893 2790 ann.
919 2734 1050 2803 phil.
1074 2734 1235 2789 Cant.
1260 2749 1283 2788 1
1306 2752 1359 2803 p.
1382 2741 1464 2787 44.
1534 2735 1700 2789 miras
1723 2734 1917 2789 turbas

207 2822 296 2877 hic
343 2824 554 2877 conciet
605 2824 996 2890 Lachmannus‚
1049 2821 1145 2889 qui
1185 2826 1287 2876 806
1336 2821 1395 2872 et
1420 2822 1518 2877 807
1556 2821 1787 2875 inversis
1824 2820 1917 2875 de-

207 2908 336 2962 inde
360 2926 461 2977 pro
485 2920 756 2961 ARBUSTA
780 2908 1116 2977 ineptissime
1138 2910 1397 2962 ambusta
1422 2907 1629 2963 scribit.

312 3002 414 3051 830
484 2995 609 3048 libri
646 2995 950 3049 rectissime
983 3006 1069 3048 ΕΤ,
1159 2994 1539 3049 Lachmannus
1575 3000 1653 3063 ut,
1679 2992 1774 3062 qui
1808 2993 1915 3060 hic,

207 3081 352 3135 sicut
377 3098 538 3150 saepe
565 3081 713 3149 aliae,
740 3081 1058 3136 Lucretium
1079 3096 1343 3149 umquam
1364 3086 1415 3135 et
1436 3097 1539 3151 pro
1561 3081 1737 3137 etiam
1753 3096 1917 3136 usum

208 3183 330 3223 esse
353 3169 559 3223 frustra
583 3171 762 3237 negat.
