2259 3550
1057 131 1147 188 Vl
1846 133 1956 192 181

257 231 361 288 hoc
394 233 563 302 igitur
598 233 718 288 fieri
752 251 973 305 quoque
1007 235 1063 288 in
1097 235 1192 288 illo
1224 236 1380 290 fonte
1412 222 1788 306 putandumst.
1891 251 1965 292 905

332 311 491 376 Quod
526 318 795 382 superest,
831 329 997 382 agere
1027 314 1284 382 incipiam
1319 331 1428 382 quo
1462 314 1688 370 foedere
1725 315 1762 369 fi
1885 298 1991 365 1*

256 392 501 454 naturae,
536 389 674 458 lapis
710 389 799 443 hic
834 394 900 444 ut
933 391 1143 444 ferrum
1179 390 1378 444 ducere
1413 391 1602 460 possit,
1763 319 2064 518 &A

256 481 422 534 quem
457 465 725 534 Magneta
758 471 953 520 vocant
986 468 1168 536 patrio
1205 467 1277 521 de
1311 468 1528 521 nomine
1561 469 1710 536 Grai,

257 541 584 609 Magnetum
618 543 747 612 quia
782 543 848 596 fit
881 545 1075 612 patriis
1112 544 1168 597 in
1205 544 1406 597 finibus
1441 548 1610 598 ortus,

254 617 401 672 hunc
422 618 669 673 homines
690 618 931 688 lapidem
955 620 1253 686 mirantur3
1293 621 1499 690 quippe
1523 624 1772 676 catenam
1890 635 1965 675 910

258 711 423 764 saepe
458 711 529 748 ex
562 695 753 750 anellis
786 696 975 750 reddit
1007 696 1376 764 pendentibus
1409 713 1480 750 ex
1514 711 1590 750 se.

256 771 499 840 quinque
532 773 738 826 etenim
770 771 906 826 licet
939 773 1219 826 interdum
1254 772 1551 843 pluresque
1585 773 1774 828 videre

256 846 451 902 ordine
488 847 753 902 demissos
787 848 999 903 levibus
1034 849 1292 918 iactarier
1324 849 1487 915 auris,

256 939 398 977 unus
432 923 527 978 ubi
561 941 632 978 ex
666 941 774 978 uno
808 925 1088 994 dependet
1123 929 1318 995 supter
1352 925 1656 980 adhaerens

257 1003 327 1053 cx
361 1000 575 1068 alioque
612 1001 751 1055 alius
785 1001 986 1070 lapidis
1019 1001 1131 1054 vim
1167 1003 1455 1072 vinclaque
1489 1002 1694 1058 noscit:
1891 1019 1962 1056 915

256 1091 428 1144 usque
462 1077 601 1131 adeo
634 1081 1021 1145 permananter
1054 1079 1139 1133 vis
1173 1079 1422 1148 pervolat
1455 1078 1590 1133 eius.

330 1153 453 1206 Hoc
475 1169 649 1220 gen-us
670 1154 728 1207 in
751 1155 919 1208 rebus
936 1155 1322 1210 firmandumst
1343 1155 1518 1210 multa
1539 1155 1692 1225 prius
1715 1171 1878 1224 quam

254 1229 425 1296 ipsius
459 1229 539 1283 rei
574 1231 841 1284 rationem
878 1231 1115 1285 reddere
1150 1231 1342 1300 possiS,

256 1308 317 1360 et
350 1306 577 1360 nimium
611 1307 787 1376 longis
821 1308 1142 1376 ambagibus
1178 1314 1264 1362 est
1297 1309 1640 1374 adeundum;

256 1387 365 1452 qno
400 1385 575 1452 magis
610 1387 853 1438 attentas
888 1385 1037 1438 auris
1070 1386 1420 1454 animumque
1456 1384 1696 1454 reposce.
1888 1399 1962 1438 920

330 1459 603 1530 Principio
636 1460 889 1515 omnibus
926 1461 999 1514 ab
1031 1461 1212 1528 rebus,
1250 1477 1624 1531 quascumque
1659 1461 1924 1530 videmus,

254 1539 523 1606 perpetuo
556 1537 729 1590 fluere
762 1553 827 1590 ac
860 1537 1008 1590 mitti
1044 1537 1341 1607 spargique
1373 1542 1653 1593 necessest

254 1628 483 1681 corpora
517 1629 659 1682 quae
691 1613 894 1667 feriant
928 1613 1112 1668 oculos
1146 1613 1431 1682 visumque
1464 1614 1749 1669 lacessant.

254 1692 635 1758 perpetuoque
668 1684 847 1744 fluunt
880 1690 1047 1744 certis
1076 1689 1151 1744 ab
1183 1689 1354 1745 rebus
1385 1691 1612 1757 odores3

251 1763 423 1833 frigus
456 1768 521 1819 ut
555 1784 592 1819 a
627 1766 819 1834 fluviis,
856 1767 1004 1821 calor
1038 1766 1109 1821 ab
1144 1767 1273 1835 sole,
1307 1771 1494 1822 aestus
1527 1767 1600 1823 ab
1634 1767 1798 1823 undis
1887 1782 1961 1825 925

254 1844 505 1911 aequoris
540 1860 737 1897 exesor
770 1860 1079 1897 moerorum
1113 1844 1277 1897 litora
1309 1848 1550 1913 propter.

254 1936 356 1973 nec
389 1919 524 1971 varii
557 1922 775 1972 cessant
808 1920 1019 1972 sonitus
1054 1936 1277 1972 manare
1310 1936 1411 1987 per
1445 1936 1622 1974 auras.

256 1995 492 2062 denique
528 1994 585 2047 in
619 2010 680 2047 os
716 1993 839 2047 salsi
876 1996 1029 2048 venit
1062 2011 1220 2047 umor
1255 2011 1418 2064 saepe
1454 1996 1676 2064 saporis,

256 2089 379 2125 cum
414 2088 567 2125 mare
602 2086 885 2125 versamur
916 2074 1160 2141 propter,
1198 2071 1480 2139 dilutaque
1514 2076 1707 2127 eontra

163 2166 233 2200 ⁹³⁴
256 2165 381 2203 cum
415 2147 623 2202 tuimur
656 2148 873 2201 misceri
907 2146 1194 2215 absinthia,
1229 2148 1410 2216 tangit
1444 2164 1674 2202 amaror.
1888 2166 1961 2205 930

254 2241 428 2294 usque
464 2224 603 2278 adeo
638 2223 891 2277 omnibus
925 2224 997 2277 ab
1032 2224 1196 2292 rebus
1230 2240 1320 2279 res
1355 2241 1601 2293 quaeque
1635 2225 1870 2279 fluenter

162 2312 231 2344 ⁹³⁰
253 2301 433 2355 fertur
467 2305 526 2355 et
558 2301 614 2353 in
649 2303 874 2354 cunctas
909 2300 1210 2353 dimittitur
1241 2300 1484 2368 undique
1517 2301 1694 2371 partis

254 2393 355 2431 nec
390 2394 543 2431 mora
576 2393 678 2431 nec
714 2378 933 2446 requies
966 2376 1282 2431 interdatur
1314 2376 1428 2431 ulla
1461 2377 1682 2447 fluendi,

252 2456 524 2523 perpetuo
559 2452 820 2521 quoniam
856 2454 1137 2519 sentimus,
1174 2456 1233 2507 et
1265 2452 1449 2507 omnia
1482 2470 1700 2523 semper

252 2530 477 2583 cernere
511 2528 733 2583 odorari
766 2529 898 2583 lieet
932 2532 992 2583 et
1028 2529 1233 2583 sentire
1267 2545 1475 2584 sonare.
1889 2546 1963 2586 935

160 2614 193 2647 Φ
323 2607 374 2659 N
380 2623 485 2660 unc
521 2606 697 2658 omnis
730 2608 979 2674 repetam
1014 2620 1179 2673 quam
1214 2621 1341 2658 raro
1374 2621 1604 2675 corpore
1640 2605 1750 2661 sint
1785 2622 1876 2661 res

252 2672 706 2747 commemorare}
742 2681 893 2750 quod
924 2681 982 2735 in
1015 2680 1195 2750 primo
1229 2697 1444 2749 quoque
1479 2682 1722 2736 carmine
1755 2682 1946 2738 claret.

252 2760 461 2829 quippe
497 2758 717 2826 etenim,
752 2774 1080 2827 quamquam
1114 2758 1316 2811 multas
1352 2757 1454 2811 hoc
1488 2759 1729 2826 pertinet
1763 2758 1838 2813 ad
1871 2774 1962 2814 res

250 2851 491 2901 noscere,
527 2852 651 2889 cum
686 2834 877 2904 primis
910 2834 1049 2889 hanc
1084 2834 1159 2889 ad
1191 2850 1312 2889 rem
1347 2835 1597 2903 protinus
1631 2836 1822 2903 ipsam,

252 2928 360 2980 qua
394 2912 467 2966 de
502 2912 773 2966 disserere
808 2910 1115 2980 adgredior,
1151 2910 1372 2965 firmare
1404 2914 1682 2964 necessest
1889 2926 1962 2963 940

250 2989 326 3043 nil
362 3005 485 3041 esse
518 2988 577 3040 in
610 2991 867 3056 promptu
905 2987 1009 3040 nisi
1042 2988 1278 3040 mixtum
1313 3002 1511 3053 corpus
1544 2986 1708 3041 inani.

250 3065 516 3133 principio
551 3064 617 3119 fit
650 3067 717 3117 nt
750 3064 805 3117 in
842 3064 1112 3133 speluncis
1149 3076 1282 3117 saxa
1315 3078 1551 3131 superne

252 3140 455 3196 sudent
486 3156 680 3196 umore
714 3143 780 3195 et·
808 3138 987 3207 guttis
1019 3139 1358 3194 manantibu’
1393 3137 1620 3195 stillent.

251 3220 439 3272 manat
471 3217 607 3271 item
642 3217 803 3271 nobis
836 3235 867 3272 e
901 3220 1023 3272 toto
1059 3231 1284 3286 corpore
1321 3216 1502 3283 sudor,
