2259 3550
1039 16 1098 37 -l

276 86 352 144 96
1056 88 1202 145 IIII

269 186 402 241 inde
436 192 637 253 tamen,
673 187 920 255 quamvis
954 191 1103 240 torte
1141 186 1471 256 penitusque
1505 189 1736 255 remota,
1905 201 1980 241 ³05

182 282 247 315 πο
272 263 455 317 omnia
487 280 588 332 per
622 262 793 316 flexos
828 264 1012 317 aditus
1046 263 1251 317 educta
1284 263 1472 317 licebit

206 352 249 385 -v
269 339 520 408 pluribus
553 339 690 393 haec
725 339 962 407 speculis
996 339 1292 392 videantur
1325 339 1382 392 in
1418 339 1647 393 aedibus
1681 355 1816 393 esse.

28 387 252 535 pff
270 432 443 482 usque
479 415 617 469 adeo
654 415 875 484 speculo
910 415 968 469 in
1004 415 1286 504 speculum
1323 416 1628 469 translucet
1661 415 1857 483 image,

102 538 108 548 .
268 495 328 545 et
364 507 487 544 cum
522 491 677 546 laeva
710 491 844 544 data
880 496 982 557 est,
1020 493 1085 544 ht
1120 507 1309 544 rusum
1344 494 1410 545 ut
1445 491 1676 545 dextera
1711 491 1824 559 fiat,

27 558 122 643 W&
265 566 396 621 inde
430 570 582 620 retro
617 584 834 620 rursum
869 566 1019 620 redit
1052 570 1112 620 et
1149 567 1488 620 convertitur
1523 566 1732 621 eodem.
1903 583 1978 622 310

139 660 243 710 Ψ
268 644 397 713 quin
434 643 601 697 etiam
636 659 1015 711 quaecumque
1050 642 1321 696 latuscula
1357 647 1485 696 sunt
1521 643 1866 712 speculorum

268 720 503 773 adsimili
538 719 729 773 later-is
766 719 975 772 flexura
1008 719 1264 787 praedita
1299 719 1491 784 nostri,

269 795 499 850 dextera
534 811 601 848 ea
634 799 865 864 propter
899 793 1055 847 nobis
1090 793 1380 847 simulacra
1413 795 1720 861 remittunt,

266 874 364 925 aut
398 871 527 940 quia
560 871 632 924 de
668 871 889 939 speculo
926 869 981 922 in
1018 869 1302 938 speculum
1337 870 1671 924 transfertur
1705 871 1902 938 imago,

265 947 395 1000 inde
430 947 505 1002 ad
537 962 636 1000 nos
672 947 806 999 elisa
839 945 926 999 bis
960 945 1198 1012 advolat,
1233 949 1332 1000 aut
1366 946 1534 999 etiam
1571 946 1722 1014 quod
1899 962 1974 1000 315

179 1045 243 1078 uo
268 1023 473 1078 circum
508 1019 709 1089 agitur,
746 1037 869 1074 cum
908 1022 1074 1087 venit,
1110 1022 1290 1089 imago
1326 1025 1624 1091 propterea
1657 1021 1809 1090 quod

268 1098 410 1152 flexa
445 1099 621 1165 figura
656 1096 821 1150 docet
856 1096 1067 1166 speculi
1103 1098 1412 1151 convertier
1446 1097 1520 1152 ad
1554 1114 1667 1151 nos.

266 1173 557 1242 indugredi
594 1188 759 1242 porro
794 1173 1005 1242 pariter
1040 1172 1332 1227 simulacra
1365 1172 1672 1242 pedemque

266 1267 471 1319 ponere
506 1249 786 1302 nobiscum
822 1248 1016 1302 credas
1050 1253 1378 1316 gestumque
1412 1248 1616 1302 imitari

266 1330 562 1396 propterea
595 1324 737 1394 quia,
773 1324 845 1379 de
880 1325 1085 1394 speculi
1121 1341 1231 1393 qua
1263 1328 1425 1394 parte
1459 1325 1702 1391 recedas,
1901 1341 1974 1379 820

178 1426 242 1459 w
266 1403 524 1457 contiuuo
562 1405 843 1470 nequeunt
877 1401 1025 1454 illinc
1062 1401 1351 1454 simulacra
1384 1400 1620 1465 reverti3

30 1454 159 1557 ‘Lm
130 1471 141 1484 ‘
157 1479 447 1552 &omnia
480 1478 833 1546 quandoquid
838 1494 924 1530 em
962 1478 1110 1545 cogit
1144 1481 1344 1530 natura
1379 1476 1575 1530 referri

44 1540 147 1619 5⁸„
134 1580 165 1610 ,ι
202 1598 207 1602 .
267 1571 332 1609 ao
367 1555 579 1608 resilire
615 1553 685 1606 ab
720 1553 885 1606 rebus
922 1553 993 1605 ad
1029 1569 1233 1620 aequos
1268 1552 1490 1606 reddita
1525 1553 1711 1605 flexus.

48 1650 86 1668 ³
114 1652 135 1664 ι
138 1611 267 1690 ’ἶὲ
339 1629 640 1701 Splendida
674 1644 838 1696 porro
876 1629 1016 1683 oculi
1052 1629 1294 1696 fugitant
1329 1629 1614 1696 vitantque
1648 1626 1810 1682 tueri.

266 1707 348 1761 sol
385 1706 551 1760 etiam
588 1707 791 1770 caecat,
827 1709 1019 1757 contra
1054 1705 1099 1757 si
1136 1704 1367 1758 tendere
1404 1721 1618 1773 pergam,
1897 1717 1971 1757 326

266 1787 561 1854 propterea
595 1780 724 1849 quia
758 1781 838 1833 vis
873 1786 1125 1848 magnast
1160 1781 1332 1851 ipsius
1367 1785 1426 1834 et
1461 1781 1572 1835 alte

267 1876 400 1914 aera
433 1875 534 1929 per
568 1873 767 1926 purum
802 1858 1045 1924 graviter
1079 1857 1368 1911 simulacra
1401 1857 1655 1911 feruntur

268 1941 329 1991 et
363 1936 567 1989 feriunt
604 1933 788 1987 oculos
824 1932 1107 1988 turbantia
1143 1934 1552 2002 compositurus.

267 2015 560 2083 praeterea
595 2009 852 2077 splendor
887 2010 1217 2078 quicumque
1252 2013 1340 2063 est
1375 2026 1504 2063 acer
1537 2009 1722 2064 adurit

178 2114 243 2145 ιω
268 2104 433 2158 saepe
468 2087 652 2141 oculos
685 2085 811 2139 ideo
848 2086 995 2154 quod
1033 2087 1240 2140 semina
1273 2086 1523 2155 possidet
1557 2086 1699 2153 ignis
1897 2100 1972 2140 aa>

267 2166 457 2232 multa,
492 2163 735 2217 dolorem
771 2162 943 2217 oculis
976 2180 1118 2231 quae
1153 2163 1386 2230 gignunt
1419 2161 1763 2214 insinuando.

264 2240 445 2294 lurida
477 2242 767 2309 praeterea
802 2238 943 2292 fiunt
978 2255 1355 2308 quaecumque
1389 2241 1617 2292 tuentur
1903 2250 1913 2257 ·
1984 2256 2002 2295 ι

266 2333 329 2370 ar
369 2316 501 2383 uati,
537 2314 666 2384 quia
700 2314 897 2368 luroris
934 2314 1005 2367 de
1040 2331 1270 2383 corpore
1305 2330 1496 2369 eorum
1695 2331 1756 2417 f
1771 2276 1988 2353 *W

268 2408 477 2447 semma
511 2392 687 2445 multa
720 2390 899 2445 fluunt
934 2390 1237 2445 simulacris
1274 2390 1434 2445 obvia
1467 2406 1668 2455 rerum,
1698 2397 1700 2399 ’

178 2496 243 2529 no
266 2468 549 2537 multaque
584 2469 712 2521 sunt
746 2466 917 2520 oculis
950 2466 1007 2519 in
1042 2483 1232 2521 eorum
1270 2466 1504 2535 denique
1538 2466 1729 2533 mixta,
1897 2481 1971 2521 835

265 2561 407 2613 quae
442 2548 674 2610 contage
709 2558 808 2597 sua
843 2543 1141 2612 palloribus
1176 2543 1358 2596 omnia
1392 2542 1643 2611 pingunt.

265 2636 299 2674 e
334 2619 574 2673 tenebris
609 2623 794 2672 autem
830 2634 971 2686 quae
1005 2622 1136 2673 sunt
1167 2618 1226 2672 in
1259 2618 1382 2672 luce
1416 2622 1637 2673 tuemur

265 2699 560 2767 propterea
596 2694 737 2762 quia,
775 2710 899 2747 cum
935 2695 1161 2763 propior
1194 2693 1440 2763 caliginis
1473 2709 1571 2747 aer

266 2776 389 2827 ater
422 2771 524 2825 init
558 2769 743 2824 oculos
778 2770 929 2837 prior
964 2775 1023 2824 et
1056 2770 1304 2839 possedit
1339 2774 1576 2839 apertos,

181 2866 243 2898 ιιι
266 2848 573 2918 insequitur
608 2845 849 2900 candens
884 2847 1170 2901 confestim
1203 2847 1418 2902 lucidus
1453 2862 1549 2901 aer
1891 2856 1971 2899 ³40

266 2924 360 2992 qui
396 2923 553 2993 quasi
586 2925 790 2991 purgat
824 2938 917 2977 eos
950 2938 1014 2977 ac
1050 2924 1237 2990 nigras
1273 2923 1501 2977 discutit
1535 2920 1760 2975 umbras

266 2999 409 3053 aeris
441 2998 605 3054 illius.
638 3014 765 3051 nam
800 2997 991 3052 multis
1024 2998 1276 3067 partibus
1311 2998 1399 3052 hic
1435 3002 1524 3052 est

265 3072 516 3129 mobilior
549 3074 845 3141 multisque
881 3075 1143 3127 minutior
1177 3078 1236 3128 et
1269 3091 1428 3142 mage
1461 3074 1686 3143 pollens.

266 3150 363 3221 qui
398 3148 557 3203 simul
593 3153 762 3217 atque
797 3149 911 3203 vias
946 3149 1227 3203 oculorum
1261 3149 1382 3203 luce
1416 3150 1652 3219 replevit

122 1169 137 1198 4
