2259 3550
723 461 781 518 Τ.
817 459 1152 518 LUCRETI
1191 459 1381 515 CARI

402 632 483 708 D
504 633 573 708 E
662 631 1097 706 RERUM
1187 629 1713 704 NATURA

780 831 1001 882 LIBER
1032 831 1357 882 TERTIUS.

959 1003 1162 1030 —4—..

202 1147 248 1201 E
282 1142 528 1202 tenebris
550 1146 721 1202 tantis
756 1151 870 1202 tam
906 1149 1111 1202 clarum
1148 1147 1416 1202 extollere
1449 1146 1637 1200 lumen

199 1224 294 1293 qui
328 1225 538 1294 primus
571 1224 802 1294 potuisti
839 1223 1136 1278 inlustrans
1171 1222 1457 1276 commoda
1491 1222 1659 1289 vitae,

199 1305 258 1354 te
293 1316 505 1369 sequor,
542 1317 575 1353 o
612 1300 810 1354 Graiae
843 1300 1026 1369 gentis
1062 1301 1244 1364 decus,
1281 1299 1446 1366 inque
1481 1298 1592 1352 tuis
1625 1314 1771 1352 nunc

198 1377 329 1430 ficta
362 1377 565 1446 pedum
601 1394 744 1447 pono
780 1377 983 1447 pressis
1019 1375 1252 1443 vestigia
1288 1375 1470 1442 signis,

198 1470 305 1506 non
340 1453 421 1507 ita
456 1453 702 1507 certandi
740 1453 971 1522 cupidus
1006 1467 1169 1520 quam
1205 1455 1437 1520 propter
1470 1467 1712 1504 amorem
1881 1471 1906 1509 5

198 1529 345 1597 quod
382 1533 441 1583 te
475 1529 678 1583 imitari
714 1545 875 1592 aveo;
913 1528 1045 1596 quid
1081 1527 1227 1580 enim
1265 1525 1565 1580 contendat
1599 1526 1835 1579 hirundo

200 1605 394 1673 cycnis,
432 1610 529 1659 aut
564 1605 696 1674 quid
734 1622 858 1658 nain
896 1604 1146 1657 tremulis
1177 1603 1362 1657 facere
1397 1601 1627 1656 artubus
1662 1600 1826 1655 haedi

198 1681 473 1735 consimile
508 1682 565 1734 in
601 1698 763 1735 cursu
798 1681 1010 1750 possint
1046 1683 1102 1732 et
1138 1680 1297 1732 sortis
1333 1678 1458 1747 equi
1495 1679 1575 1732 vis
1591 1680 1610 1732 'l

197 1764 273 1827 tu,
309 1761 484 1829 pater,
520 1775 579 1813 es
614 1774 797 1813 rerum
833 1760 1099 1824 inventor,
1139 1761 1201 1811 tu
1236 1757 1418 1827 patria
1452 1754 1610 1809 nobis

197 1835 519 1905 suppeditas
553 1840 866 1905 praecepta,
904 1835 1121 1902 tuisque
1157 1850 1242 1900 ex,
1279 1833 1495 1897 inclute,
1531 1831 1751 1900 chartiS‚
1858 1846 1904 1884 ιο

198 1910 448 1965 floriferis
483 1915 547 1964 ut
580 1927 714 1980 apes
747 1911 804 1963 in
841 1910 1069 1963 saltibus
1105 1910 1288 1962 onmia
1322 1908 1516 1975 libant,

196 1988 376 2041 omnia
410 2004 508 2041 nos
543 1987 735 2041 itidem
773 1986 1118 2057 depascimur
1154 2002 1319 2039 aurea
1355 1984 1518 2051 dicta,

197 2080 376 2133 aurea,
411 2068 680 2134 perpetua
716 2079 933 2133 semper
968 2062 1288 2130 dignissima
1323 2061 1450 2114 vita.

195 2158 321 2195 nam
358 2141 514 2194 simul
551 2157 615 2195 ae
651 2141 793 2194 ratio
828 2143 925 2193 tua
960 2138 1144 2207 coepit
1178 2136 1462 2191 vociferari

194 2220 447 2271 naturam
483 2233 683 2288 rerum,
722 2216 905 2269 divina
940 2219 1125 2268 mente
1162 2217 1362 2281 coorta,
1855 2226 1904 2266 15

194 2293 486 2362 diffugiunt
521 2293 687 2345 animi
724 2296 981 2359 terrores,
1018 2290 1233 2344 moenia
1266 2288 1457 2342 mundi

194 2370 503 2435 discedunt,
540 2374 717 2422 tutum
756 2368 915 2423 video
951 2383 1053 2437 per
1089 2367 1250 2420 inane
1285 2365 1402 2432 geri
1440 2381 1544 2418 res.

195 2449 429 2516 apparet
466 2446 649 2499 divum
687 2461 886 2499 numen
924 2444 1195 2512 sedesque
1232 2443 1450 2510 quietae

192 2540 325 2590 quas
361 2540 538 2591 neque
573 2523 890 2576 concutiunt
926 2520 1075 2574 venti
1115 2536 1215 2573 nec
1253 2518 1439 2571 nubila
1473 2515 1674 2569 nimbis

192 2604 493 2668 aspergunt
529 2615 703 2667 neque
741 2598 833 2651 nix
869 2598 980 2650 acri
1018 2600 1275 2650 concreta
1310 2594 1505 2663 pruina
1852 2606 1900 2646 20

190 2692 325 2729 cana
360 2676 561 2729 cadens
597 2676 763 2729 violat
801 2691 1125 2744 semperque
1164 2670 1436 2725 innubilus
1473 2670 1666 2723 aether

190 2751 403 2819 integit,
445 2758 504 2806 et.
539 2751 689 2821 large
726 2751 922 2803 diffuso
958 2751 1162 2803 lumine
1198 2748 1395 2801 rident.

190 2830 369 2881 omnia
405 2828 726 2898 suppeditat
762 2842 925 2897 porro
960 2832 1157 2880 natura
1192 2841 1369 2891 neque
1405 2823 1516 2876 ulla

188 2920 277 2956 res
312 2904 477 2959 animi
514 2922 702 2973 pacem
741 2902 951 2956 delibat
986 2907 1237 2971 tempore
1273 2902 1328 2953 in
1364 2900 1485 2952 uno.

188 2982 247 3033 at
282 2984 473 3034 contra
507 2996 771 3049 nusquam
807 2982 1076 3048 apparent
1115 2976 1420 3032 Acherusia
1455 2974 1663 3044 templa
1848 2989 1897 3027 25

186 3072 289 3109 nec
323 3056 487 3109 tellus
522 3057 710 3110 obstat
745 3057 873 3124 quin
913 3056 1093 3107 omnia
1129 3053 1508 3123 dispiciantur,

186 3130 289 3184 sub
323 3132 556 3201 pedibus
591 3148 965 3201 quaecumque
1000 3132 1146 3184 iufra
1179 3146 1280 3199 per
1315 3128 1473 3179 inune
1510 3129 1790 3192 geruntur.

184 3207 271 3259 his
305 3207 380 3260 ibi
418 3224 505 3260 nie
544 3210 706 3261 rebus
742 3207 1007 3275 quaedam
1047 3206 1234 3259 diviua
1270 3201 1519 3271 voluptas
