2259 3550
290 121 365 178 84
1087 115 1196 170 111

286 226 465 290 atque.
488 220 655 274 etiam
691 219 885 287 potius,
924 219 967 272 si
1006 235 1300 287 numquam
1337 219 1412 272 sis
1448 218 1774 284 moriturus,’·

287 298 418 366 quid
456 295 866 363 respondemus,
902 294 1007 348 nisi
1042 295 1242 348 iustam
1279 293 1566 365 intendere
1601 293 1756 348 litem
1921 305 1992 347 95⁰
2019 327 2024 332 ·

287 377 539 426 naturam
576 375 635 426 et
670 386 855 424 veram
891 370 1075 424 verbis
1111 386 1387 438 exponere
1423 371 1677 424 causam?

196 466 262 500 oss
284 446 547 516 grandior
580 447 670 500 h'ic
703 463 832 500 vero
869 446 917 499 si
951 446 1059 498 iam
1097 445 1386 514 seniorque
1423 451 1690 514 queratur

198 543 265 576 ,σε
288 527 456 591 atque
493 523 701 576 obitum
740 523 1072 576 lamentetur
1106 522 1273 576 miser
1310 522 1546 592 amplius
1581 537 1770 590 aequo,

284 615 393 652 non
428 601 626 653 merito
662 598 919 651 inclamet
954 597 1127 666 magis
1164 601 1224 652 et
1257 614 1388 652 voce
1423 599 1670 666 increpet
1704 597 1851 650 acri?

199 692 263 724 9⁵⁴
285 675 464 728 ‘aufer
482 675 679 728 abhinc
697 675 962 742 lacrimas,
981 675 1209 754 bal-age,
1229 677 1288 728 et
1306 688 1592 742 compesce
1606 671 1894 742 querellas.
1917 686 1990 726 955
2109 683 2176 790 ψ

287 749 468 804 omnia
503 751 821 819 perfunctus
857 750 989 803 vitai
1025 749 1270 819 praemia
1304 765 1527 802 marces.
1634 789 1640 795 .
1914 733 2112 803 w

288 827 387 880 sed
423 827 551 894 quia
586 843 802 895 semper
837 842 963 880 aves
998 825 1148 894 quod
1184 826 1355 891 abest,
1391 825 1706 894 praesentia
1739 824 1954 891 temnis,
1989 799 2124 890 6⁰⁰².)

287 903 591 972 inperfecta
626 901 730 955 tibi
766 901 1005 971 elapsast
1041 903 1366 970 ingrataque
1401 902 1514 955 vita

286 982 345 1031 et
380 995 482 1032 nec
517 978 757 1046 opinanti
794 994 939 1030 mors
974 978 1047 1031 ad
1083 981 1249 1046 caput
1281 978 1500 1032 adstitit
1536 981 1665 1032 ante

285 1071 447 1123 quam
485 1059 637 1107 satur
672 1070 733 1108 ac
768 1054 961 1122 plenus
995 1054 1172 1122 possis
1208 1053 1490 1108 discedere
1529 1069 1727 1107 rerum.
1917 1067 1991 1108 sco

284 1146 429 1183 nunc
462 1129 638 1183 aliena
672 1133 769 1183 tua
804 1135 987 1184 tamen
1025 1133 1208 1184 aetate
1245 1129 1425 1182 omnia
1459 1129 1620 1183 mitte

284 1221 458 1274 aequo
494 1205 783 1274 animoque
818 1206 1054 1274 agedum
1091 1205 1340 1258 humanis
1375 1205 1640 1260 concede:
1677 1205 1988 1260 necessest?

286 1282 416 1346 iure,
453 1285 516 1334 ut
550 1282 756 1350 opinor,
794 1286 937 1350 agat,
973 1282 1091 1336 iure
1128 1282 1375 1350 increpet
1410 1281 1720 1350 inciletque.

286 1358 435 1412 cedit
472 1358 614 1411 enim
650 1376 834 1430 rerum
870 1359 1115 1412 novitate
1152 1362 1376 1412 extrusa
1414 1361 1658 1411 vetustas

287 1450 516 1502 semper,
556 1439 614 1488 et
650 1451 718 1488 ex
754 1434 875 1488 aliis
911 1435 1060 1487 aliud
1096 1450 1356 1502 reparare
1393 1436 1683 1489 necessest.
1845 1429 1851 1434 ’
1917 1450 1990 1488 965

284 1525 386 1563 nec
421 1510 706 1578 quisquam
742 1510 798 1563 in
834 1510 1157 1564 barathrum
1193 1526 1292 1563 nec
1329 1509 1556 1564 Tartara
1591 1509 1816 1563 deditur
1849 1515 1986 1566 atra.

284 1585 543 1638 materies
578 1602 713 1654 opus
748 1589 833 1640 est
868 1589 931 1640 ut
965 1589 1216 1640 crescant
1250 1588 1472 1653 postera
1507 1585 1710 1650 saecla;

284 1677 427 1729 quae
462 1665 646 1715 tamen
681 1662 861 1716 omnia
895 1667 953 1716 te
990 1663 1101 1716 vita
1136 1663 1426 1731 perfuncta
1464 1667 1790 1730 sequentum

284 1753 385 1793 nec
408 1738 585 1791 minus
608 1754 739 1807 ergo
764 1743 892 1792 ante
917 1739 1049 1793 haec
1072 1756 1236 1807 quam
1262 1744 1324 1793 tu
1350 1739 1622 1807 ceciderc,·
1633 1739 1961 1809 cadentque.

285 1815 363 1867 sic
398 1814 511 1869 alid
546 1831 615 1868 ex
652 1816 756 1867 alio
793 1831 1087 1883 numquam
1124 1815 1358 1869 desistet
1391 1816 1524 1868 oriri
1769 1829 1890 1927 ψ
1912 1829 1987 1871 970

286 1891 509 1959 vitaque
546 1892 811 1971 mancipio
847 1891 979 1944 nulli
1016 1890 1198 1957 datur,
1237 1891 1488 1945 omnibus
1524 1909 1637 1946 usu.
1781 1890 1784 1893 ’
1839 1909 2014 1983 W

286 1968 495 2033 respice
530 1967 664 2020 item
700 1984 861 2036 quam
900 1967 973 2019 nil
1011 1968 1081 2021 ad
1119 1984 1218 2021 nos
1253 1974 1505 2021 anteacta
1529 1956 1786 2023 Vhtustas

216 1992 243 2148 Ι
290 2042 549 2111 temporis
583 2044 789 2096 aeterni
824 2044 1005 2109 fuerit,
1043 2061 1206 2113 quain
1241 2043 1515 2097 nascimur
1548 2048 1698 2098 ante.

288 2118 387 2171 hoc
420 2117 591 2186 igitur
627 2119 902 2187 speculum
937 2121 1094 2173 nobis
1129 2123 1328 2173 natura
1359 2119 1533 2173 futuri

288 2195 549 2263 temporis
585 2196 807 2263 exponit
841 2200 967 2265 post
1002 2200 1237 2250 mortem
1273 2196 1511 2265 denique
1544 2200 1807 2251 nostram.
1911 2210 1986 2249 975

288 2271 551 2340 numquid
587 2270 665 2323 ibi
701 2272 959 2325 horribile
995 2275 1238 2341 apparet,
1275 2288 1404 2325 num
1441 2273 1602 2326 triste
1637 2272 1858 2326 videtur

285 2346 593 2415 quicquam,
628 2363 736 2400 non
773 2347 917 2400 omni
955 2364 1142 2400 somno
1181 2348 1422 2401 securius
1457 2350 1673 2404 exstat?

44 2431 187 2518 Μ
207 2446 256 2485 αι
357 2424 545 2492 Atque
569 2440 635 2477 ea
657 2424 908 2476 nimirum
934 2439 1308 2492 quaecumque
1335 2423 1654 2479 Acherunte
1675 2424 1950 2494 profundo

283 2499 504 2567 prodita
540 2503 667 2553 sunt
702 2516 835 2565 esse,
871 2501 925 2553 in
962 2500 1077 2553 vita
1111 2503 1241 2554 sunt
1275 2500 1457 2553 omnia
1490 2500 1660 2554 nobis,

286 2592 384 2629 nec
418 2576 585 2629 miser
619 2575 922 2643 inpendens
958 2592 1215 2644 magnum
1251 2576 1414 2629 timet
1449 2592 1577 2629 aere
1613 2592 1804 2631 saxum
1905 2591 1982 2633 neo

288 2651 561 2719 Tantalus,
598 2653 660 2704 ut
692 2650 905 2715 famast,
927 2650 1420 2727 Qformidine
1457 2656 1710 2720 torpens;

284 2726 384 2781 sed
419 2727 593 2795 magis
629 2726 683 2779 in
719 2726 832 2780 vita
868 2726 1048 2780 divom
1086 2731 1266 2795 metus
1301 2732 1462 2795 urget
1497 2728 1670 2781 inanis
1739 2676 1795 2787 ἃ

280 2802 529 2857 mortalis
562 2818 857 2870 casumque
893 2804 1090 2857 timent
1124 2820 1287 2871 quem
1325 2804 1520 2873 cuique
1555 2794 1700 2858 ferat
1733 2804 1859 2859 fors.

282 2896 384 2934 nec
419 2880 611 2948 Tityon
653 2877 899 2932 volucres
934 2880 1125 2933 ineunt
1164 2879 1483 2934 Acherunte
1517 2880 1784 2935 iacentem

282 2973 385 3010 nec
418 2956 565 3023 quod
600 2954 703 3009 sub
736 2972 933 3023 magno
968 2957 1281 3009 scrutentur
1315 2960 1538 3023 pectore
1572 2956 1862 3025 quicquam
1907 2970 1985 3010 986

20 2552 121 2593 ΜΕ.-

281 3036 603 3100 perpetuam
638 3033 879 3085 aetatem
914 3034 1144 3099 possunt
1177 3032 1420 3100 reperire
1455 3031 1717 3101 profecte.

281 3106 585 3175 quamlibet
618 3106 839 3160 immani
877 3106 1125 3174 proiectu
1159 3106 1403 3173 corporis
1439 3111 1636 3172 exstet,

282 3184 378 3252 qui
412 3199 519 3235 non
556 3181 668 3234 sola
702 3198 894 3233 novem
935 3180 1198 3249 dispessis
1233 3180 1424 3247 iugera
1457 3182 1718 3235 membris
