2259 3550
78 311 136 369 ,μ

27 341 59 389 a?

29 483 200 570 ff

165 759 185 769 ι

27 776 253 890 „2557

28 887 109 936 ιω
162 890 231 935 4»

23 942 147 1043 eg
159 951 249 1007 (σι-5

50 1034 208 1092 M

294 108 367 166 76
1090 105 1196 162 III

289 225 579 280 possumus
613 208 853 262 infernas
890 209 1099 261 animas
1137 209 1459 262 Acherunte
1495 209 1692 276 vagari.

288 285 528 354 pictores
562 284 751 350 itaque
786 287 847 337 et
883 285 1214 352 scriptorum
1251 284 1430 338 saecla
1463 283 1650 353 priora

290 363 367 416 sic
404 361 613 414 animas
649 361 795 414 intro
832 361 1110 414 duxerunt
1147 362 1398 414 sensibus
1429 365 1634 415 auctas,
1923 376 2003 415 630

290 442 351 491 at
386 453 570 506 neque·
604 454 815 491 sorsum
854 436 993 490 oculi
1028 453 1208 506 neque
1243 455 1403 491 nares
1439 454 1539 491 nec
1573 455 1768 491 manus
1803 437 1922 506 ipsa

289 529 408 567 esse
443 515 630 582 potest
666 514 879 566 animae
915 529 1095 582 neque
1130 529 1343 568 sorsum
1385 513 1586 580 lingua,
1624 530 1802 583 neque
1835 530 2002 568 aures

32 545 269 695 west]
286 590 483 644 auditu
519 605 617 657 per
652 605 712 642 se
747 592 978 657 possunt
1014 589 1222 642 sentire
1256 605 1436 656 neque
1471 605 1606 642 esse.

359 666 432 719 Et
468 665 722 734 quoniam
760 668 877 718 toto
914 665 1183 718 sentimus
1219 681 1449 732 corpore
1485 665 1664 720 inesse

251 773 260 796 l
286 741 507 796 vitalem
546 757 763 794 sensum
803 744 862 794 et
896 743 1077 794 totum
1113 758 1234 794 esse
1271 741 1501 795 animale
1537 741 1802 810 videmus„
1926 756 2001 794 635

287 818 333 872 si
370 817 553 872 subito
588 817 833 870 medium
866 816 1032 870 celeri
1070 817 1401 884 praeciderit
1436 817 1550 870 ictu

286 894 367 948 vis
402 893 588 962 aliqua
624 895 689 947 ut
724 908 936 946 sorsum
970 900 1187 960 partem
1225 897 1476 946 secernat
1511 898 1820 962 utramque,

216 994 227 1055 j
288 969 583 1038 dispertita
618 969 807 1038 procul
845 969 1011 1022 dubio
1048 985 1266 1038 quoque
1305 970 1385 1022 vis
1421 970 1622 1024 animai

287 1049 346 1099 ct
383 1045 609 1098 discissa
646 1045 805 1098 simul
842 1061 963 1097 eum
1000 1061 1229 1112 corpore
1267 1045 1588 1099 dissicietur.

22 1087 212 1257 {W
182 1101 291 1175 w*
286 1125 346 1175 at
382 1121 531 1189 quod
567 1121 832 1174 scinditur
867 1122 925 1173 et
960 1121 1136 1189 partis
1173 1121 1408 1175 discedit
1443 1121 1499 1174 in
1535 1121 1688 1188 ullas,
1925 1135 1999 1173 6ιο

37 1259 81 1281 ..ἣν

72 1143 267 1305 ἄζῃ
289 1197 497 1252 seilicet
534 1201 815 1250 aeternam
854 1196 957 1248 sibi
994 1199 1246 1250 naturam
1285 1196 1479 1250 abnuit
1513 1213 1650 1250 esse.

104 1285 162 1322 tto
244 1307 256 1317 ,
287 1273 554 1326 falciferos
590 1277 897 1326 memorant
932 1288 1125 1326 currus
1161 1272 1448 1326 abscidere
1483 1273 1732 1326 membra

250 1384 261 1401 ,
289 1365 449 1417 saepe
487 1350 564 1401 ita
600 1347 671 1401 de
709 1348 889 1402 subito
924 1349 1202 1417 permixta
1236 1345 1406 1402 caede
1441 1349 1684 1414 calcum,

272 1430 352 1490 me
388 1430 628 1480 tremere
665 1425 721 1478 in
759 1430 909 1478 terra
945 1424 1200 1478 videatur
1235 1424 1306 1478 ab
1341 1424 1572 1478 artubus
1607 1425 1666 1477 id
1703 1423 1850 1492 quod

28 1471 277 1594 {eff
286 1502 496 1556 decidit
519 1501 805 1566 abscisum,
830 1517 953 1554 cum
978 1517 1135 1554 mens
1158 1503 1342 1554 tamen
1367 1503 1536 1568 atquc
1561 1499 1792 1552 hominis
1810 1500 1893 1551 vis
1925 1513 1998 1552 646

286 1577 595 1632 mobilitate
630 1577 760 1630 mali
797 1593 903 1629 nou
940 1577 1061 1645 quit
1097 1577 1307 1630 sentire
1341 1576 1616 1640 dolorem;

287 1658 344 1709 et
380 1653 548 1708 semel
584 1653 641 1706 in
678 1669 897 1721 pugnae
934 1652 1117 1706 studio
1155 1652 1303 1720 quod
1340 1652 1532 1706 dedita
1565 1668 1720 1705 mens
1756 1655 1858 1717 cst,

286 1747 512 1800 corpore
549 1729 760 1797 reliqiio
798 1745 1035 1797 pugnam
1072 1729 1379 1799 caedesque
1415 1730 1660 1797 petessit‚

287 1824 388 1861 nec
424 1810 579 1860 tenet
615 1806 868 1859 amissam
907 1805 1113 1858 laevam
1151 1822 1272 1859 cum
1307 1806 1550 1873 tegmine
1587 1821 1752 1875 saepe

288 1885 435 1937 inter
471 1898 640 1951 equos
676 1881 934 1935 abstraxe
970 1884 1121 1935 rotas
1159 1882 1431 1951 falcesque
1464 1898 1705 1951 rapaces,
1925 1895 1997 1933 660

288 1976 389 2014 nec
426 1959 686 2013 cecidisse
721 1958 859 2011 alius
896 1959 1166 2021 dextram,
1204 1975 1330 2012 cum
1355 1958 1583 2021 ,scandit
1617 1961 1676 2011 ct
1711 1958 1893 2011 instat.

287 2036 418 2089 inde
454 2034 592 2088 alius
627 2038 857 2089 conatur
892 2034 1155 2102 adempto
1191 2050 1415 2103 surgere
1451 2050 1626 2097 crure,

288 2129 411 2165 eum
450 2111 654 2178 digitos
688 2111 864 2178 agitat
899 2115 1130 2179 propter
1167 2109 1523 2167 moribundus
1560 2110 1710 2162 humi
1743 2124 1857 2176 pes.

288 2193 345 2243 ct
382 2192 549 2258 caput
584 2188 855 2241 abscisum
891 2187 1068 2240 calido
1103 2188 1431 2255 viventeque
1467 2190 1660 2239 trunco

288 2269 470 2319 servat
504 2265 657 2317 humi
696 2264 901 2316 voltum
939 2262 1163 2316 vitalem
1200 2262 1492 2331 oculosque
1529 2262 1787 2329 patentis,
1925 2276 1996 2313 655

288 2342 463 2395 donee
498 2340 757 2408 reliquias
794 2339 990 2390 animai
1026 2337 1276 2392 reddidit
1311 2354 1514 2391 omncs,

288 2418 421 2486 quin
457 2417 622 2469 etiam
659 2416 759 2469 tibi
798 2416 845 2468 si
884 2415 1068 2481 lingua
1108 2414 1356 2467 vibrante
1392 2414 1852 2514 ¹ninanQi-Qss
1870 2390 2072 2488 130ssss

64 2482 255 2541 W
288 2493 561 2561 serpentis
598 2492 827 2565 caudam
868 2508 900 2544 e
935 2508 1162 2557 procero
1199 2505 1425 2558 corpore
1461 2506 1730 2545 vrnmmur.

58 2900 237 2978 &ab

76 2996 83 3013 t
114 2989 164 3011 ..0-

64 3019 219 3066 (⁸⁶:22²-

42 3070 249 3155 “333⁴

51 3149 245 3207 «Δ»

287 2570 359 2623 sit
395 2568 613 2621 libitum
650 2568 705 2620 in
742 2568 942 2620 multas
980 2566 1154 2635 partis
1191 2564 1461 2619 discidere
1497 2565 1660 2631 ferro,

289 2646 467 2698 omnia
503 2645 609 2697 iam
647 2660 858 2698 sorsum
897 2659 1085 2696 cernes
1122 2642 1309 2695 ancisa
1345 2643 1552 2695 recenti
1925 2655 1998 2691 666

290 2721 509 2791 volnere
545 2721 740 2773 tortari
778 2724 835 2771 et
872 2722 1078 2772 terram
1114 2733 1482 2787 conspargere
1519 2716 1664 2783 tabe,

289 2800 463 2867 ipsam
502 2813 668 2865 seque
705 2802 855 2849 retro
892 2798 1106 2862 partem
1143 2798 1334 2863 petere
1371 2810 1466 2846 ore
1503 2793 1756 2861 priorem,

291 2874 524 2928 volneris
559 2873 777 2926 ardenti
813 2875 878 2925 ut
914 2889 1098 2925 morsu
1135 2874 1348 2939 premat
1385 2872 1496 2923 icta
1531 2870 1790 2923 dolorem.

290 2951 539 3003 omnibus
576 2966 696 3003 esse
732 2950 903 3016 igitur
939 2952 1085 3001 totas
1124 2947 1367 3000 dicemus
1404 2946 1460 2998 in
1497 2946 1603 2997 illis

290 3026 572 3093 particulis
607 3027 849 3080 animas?
886 3029 945 3078 at
980 3041 1046 3077 ea
1083 3024 1294 3076 ratione
1331 3024 1594 3088 sequetur
1927 3034 1998 3073 665

265 3118 453 3169 ⁸unam
488 3102 820 3155 animantem
858 3101 1065 3153 animas
1100 3098 1356 3151 habuisse
1392 3098 1446 3148 in
1483 3113 1712 3163 corpore
1749 3096 1960 3149 multas⁴

290 3192 421 3244 ergo
458 3176 687 3229 divisast
726 3194 789 3230 ea
825 3193 967 3244 qnae
1004 3176 1107 3228 fuit
1145 3189 1251 3226 una
1289 3171 1448 3224 simul
1484 3188 1607 3227 cum
