2259 3550
1020 136 1225 194 xxxviii

265 280 644 337 Lachmannus
676 283 778 337 957
809 279 1001 346 inepte
1034 279 1169 352 post·
1198 278 1297 332 947
1331 271 1631 327 transtulit.
1689 271 1837 325 idem
1864 277 1967 326 955

261 383 363 437 pro
385 381 793 421 TEMPESTATEM
821 364 1040 432 scripsit
1065 366 1381 430 tempestate
1403 359 1485 412 in.

372 456 504 505 1012
539 451 664 504 libri
702 465 848 511 QUOD
880 461 1111 502 morum
1146 463 1221 500 nx
1255 458 1593 500 annuemus.
1667 443 1966 497 Lachman-
2059 517 2064 521 .

260 557 364 593 nus
404 555 514 606 quo
554 537 794 592 ducitur
832 553 901 590 ex
933 534 1232 600 elementis,
1268 532 1419 602 quod
1454 530 1711 600 equidem
1740 545 1851 582 non
1886 529 1965 581 in-

262 625 479 694 tellego.
552 622 849 677 Lambinus
883 622 1032 690 quod
1055 620 1237 689 paulo
1272 619 1533 674 diximus
1564 623 1711 672 ante.
1781 620 1841 671 et
1874 632 1967 684 ap-

261 713 421 779 paret
454 727 523 764 ex
555 707 838 763 elementis
870 707 1012 761 male
1045 706 1155 760 hue
1190 723 1260 761 ex
1300 709 1433 759 1009
1470 703 1769 772 irrepsisse.
1832 699 1965 770 quid

260 801 446 851 tamen
472 795 754 866 scripserit
779 794 1070 848 Lueretius
1093 793 1204 847 dici
1230 809 1336 846 non
1359 794 1558 862 potest.

366 887 500 934 1022
536 898 651 955 sqq.
692 881 750 935 in
791 880 878 934 his
905 896 977 935 ne
1010 895 1177 934 unam
1211 878 1435 948 quidem
1468 876 1713 930 litteram
1741 873 1965 928 mutavi.

165 1019 168 1022 ,
260 965 741 1035 quare...iuvetur
764 967 943 1021 curvis
966 965 1126 1019 lineis
1150 963 1344 1018 inclusi
1370 985 1382 1029 ;
1417 979 1545 1016 nam
1568 964 1801 1031 apparet
1833 965 1967 1014 1024

260 1052 412 1118 quod
441 1050 512 1104 ab
536 1051 747 1104 accedit
777 1050 1031 1118 pendere.
1103 1048 1483 1102 Lachmannus
1522 1051 1655 1102 1022
1689 1061 1790 1115 pro
1825 1059 1967 1099 Imma

260 1137 478 1206 scripsit
502 1137 636 1204 atei,
660 1139 721 1190 et
748 1141 880 1190 1023
905 1136 1154 1190 iuvetur.

367 1226 499 1281 1067
569 1223 696 1277 libri
745 1238 918 1278 mma
967 1238 1031 1278 sn
1078 1237 1509 1278 smeumm‘rnn.
1589 1219 1969 1274 Lachmannus

260 1309 416 1364 inter
436 1309 833 1377 sinqillariter.

367 1401 498 1450 1106
569 1413 669 1465 pro
703 1395 1053 1449 Bnn-mnms
1089 1395 1395 1449 necessario
1433 1391 1781 1448 scribendum
1804 1393 1969 1455 Brit-

259 1479 442 1534 tanni.
479 1479 720 1547 alioquin
745 1479 922 1533 oratio
946 1495 1056 1532 non
1078 1478 1344 1548 procedit.

365 1572 499 1621 1135
570 1582 670 1635 pro
707 1565 972 1618 librorum
1013 1579 1381 1636 ροησΜΡωυΜ,
1423 1564 1572 1634 quod
1612 1581 1681 1618 ex
1722 1562 1971 1631 margine

256 1650 543 1719 irrepsisse
559 1649 796 1716 videtur,
812 1651 942 1718 apte
967 1648 1255 1703 Bentleius
1276 1649 1550 1704 alienum.
1590 1648 1970 1703 Lachmannus

258 1743 530 1791 coortum.

367 1828 500 1878 1138
535 1823 592 1875 in
616 1823 726 1877 fine
751 1837 1042 1877 monumen
1065 1837 1154 1877 An.
1205 1823 1433 1877 amissas
1454 1822 1672 1877 litteras
1694 1839 1730 1876 a
1760 1822 1971 1875 Macro-

257 1908 348 1962 bio
390 1912 784 1977 recuperarunt
817 1911 1034 1962 veteres
1071 1907 1331 1976 editores,
1358 1908 1452 1976 qui
1484 1906 1759 1973 mortifer
1788 1913 1973 1961 aestus

258 1996 441 2049 habet.
503 1994 886 2049 Lachmannus
923 1994 1114 2048 morti’
1140 1994 1323 2062 ferai,
1347 1997 1408 2047 et
1442 1998 1572 2046 1141
1606 1994 1837 2047 morbus
1868 2009 1972 2061 pro

257 2079 522 2134 librorum
547 2094 736 2134 omnm.
843 2080 847 2084 ’
1714 2098 1717 2101 ·

366 2172 500 2221 1180
568 2165 697 2219 libri
720 2180 1008 2221 ΑΒΒΕΝΤΙΑ
1025 2180 1252 2233 nonum,
1277 2166 1427 2235 quod
1451 2164 1586 2219 satis
1610 2167 1800 2233 aptum
1824 2164 1973 2219 vide-

258 2254 365 2307 tur.
399 2252 628 2322 pulchre
653 2256 840 2307 tamen
875 2252 1259 2306 Lachmannus
1282 2268 1348 2306 ac
1371 2251 1587 2305 nuntia
1615 2252 1835 2305 mortis.

367 2340 500 2389 1195
569 2353 671 2407 pro
699 2350 1071 2391 monmmom
1102 2336 1411 2403 Lucretius,
1434 2334 1539 2389 nisi
1566 2335 1740 2404 fallor,
1780 2335 1851 2389 in
1879 2352 1975 2390 ore

261 2422 444 2478 trucei
485 2422 719 2493 scripsit.
789 2422 854 2477 ef.
894 2439 1016 2477 ann.
1056 2422 1189 2492 phil.
1240 2422 1402 2477 Cant.
1440 2439 1461 2475 1
1494 2439 1552 2491 p.
1599 2427 1713 2480 374.
1764 2422 1869 2491 hic,
1909 2425 2009 2485 ut,

259 2508 404 2575 alibi,
427 2508 656 2578 antiqua
691 2509 868 2563 forma
903 2509 960 2563 in
995 2509 1073 2563 -ei
1101 2507 1356 2562 librarios
1385 2508 1619 2578 decepit,
1643 2508 1739 2577 qui
1766 2524 1869 2578 pro
1901 2509 1976 2561 -ei

259 2592 462 2661 passim
486 2598 556 2646 -et
579 2608 883 2661 supponere
902 2593 1165 2647 solebant.
1224 2611 1323 2660 pro
1348 2608 1529 2648 rursu
1554 2608 1745 2647 mmmm
1768 2593 1977 2662 optime

263 2678 654 2745 Lachmannus‚
693 2682 752 2731 et
783 2682 912 2732 ante
944 2695 1068 2733 eum
1105 2679 1224 2733 Nic.
1266 2680 1527 2734 Heinsius
1558 2681 1615 2733 in
1650 2680 1799 2734 notis
1832 2694 1975 2748 quae

261 2779 360 2817 sua
382 2779 546 2816 manu
569 2763 808 2831 scriptae
831 2781 1000 2831 penes
1025 2780 1113 2818 me
1139 2769 1281 2829 sunt,
1308 2772 1459 2818 tenta
1484 2766 1743 2819 tumebat.

369 2854 517 2905 1199.
586 2848 675 2902 hic
711 2865 928 2918 quoque
962 2865 1063 2918 pro
1106 2865 1179 2904 ΠΤ
1218 2866 1317 2904 ΕΜ·
1347 2855 1514 2920 poeta
1544 2851 1654 2905 ibai
1696 2850 1975 2920 scripsisse

259 2935 493 2990 videtur.
531 2952 601 2990 ex
625 2936 730 2990 ibei
752 2935 956 2991 factum
995 2940 1082 2992 est
1113 2938 1351 3007 primum
1386 2938 1514 3004 ittet,
1540 2937 1745 2993 deinde
1782 2944 1849 2992 ut
1882 2944 1973 2992 est.

261 3022 640 3077 Lachmannus
664 3023 775 3095 vix,
805 3027 865 3079 et
893 3030 1025 3079 1195
1049 3026 1451 3079 inhorrescens.

370 3115 712 3165 1229—1233
777 3111 1084 3165 necessario
1154 3128 1277 3165 eum
1328 3111 1699 3182 superioribus
1748 3111 1972 3166 coniun-

261 3192 428 3265 gendi
451 3198 596 3264 sunt,
626 3212 750 3264 non,
775 3198 842 3249 ut
869 3196 989 3251 vult
1016 3196 1411 3265 Lachmannus,
1436 3186 1568 3252 cum'
1596 3195 1964 3267 sequentibus.
