2259 3550
1060 124 1203 180 1111
1861 129 1972 188 115

274 229 439 298 inque
474 228 594 282 dies
629 229 808 296 gliscit
844 228 995 282 furor
1030 231 1200 297 atque
1235 245 1492 287 aerumna
1526 234 1809 300 gravescit,

275 304 321 356 si
357 321 462 356 non
500 304 675 373 prima
708 304 863 357 novis
896 303 1188 359 eonturbes
1230 305 1444 360 volnera
1478 307 1650 375 plagis
1881 325 1978 364 lom

273 380 666 450 volgivagaque
702 397 873 469 vagus
912 380 1130 436 Venere
1165 387 1292 438 ante
1337 384 1570 438 recentia
1609 399 1768 437 eures

272 463 370 514 aut
404 459 509 512 alio
544 458 721 526 possis
755 456 921 510 animi
956 457 1250 512 traducere
1283 464 1478 513 motus.

345 536 461 590 Nee
498 534 735 588 Veneris
768 534 953 588 fructu
988 537 1142 588 caret
1176 534 1224 587 is
1259 534 1354 602 qui
1387 535 1532 589 vitat
1565 552 1822 607 amorem,
1897 499 2080 570 Μ

276 613 373 668 sed
408 613 594 682 potius
628 627 770 680 quae
806 614 935 665 sunt
971 611 1087 664 sine
1122 626 1300 680 poena
1333 611 1619 664 eommoda
1654 615 1836 670 sumit.
1870 609 1974 646 '⁸⁸⁴‘
1983 495 2211 686 ⁴¹·ss

274 705 401 742 nani
436 695 585 742 certe
620 690 813 756 purast
848 687 991 740 sanis
1028 686 1204 754 magis
1239 686 1370 739 inde
1405 687 1652 756 voluptas
1875 705 1972 746 1075

276 781 441 833 quam
476 765 701 818 miseris.
737 764 938 817 etenim
976 763 1228 832 potiundi
1263 767 1512 832 tempore
1549 764 1603 816 in
1639 765 1758 834 ipso

275 841 504 895 fluctuat
540 841 763 894 incertis
800 839 1077 892 erroribus
1114 838 1280 892 ardor
1313 842 1589 893 amantum

276 935 375 972 nec
411 920 625 970 constat
662 915 796 986 quid
832 916 1067 984 primum
1104 915 1272 968 oculis
1307 914 1662 985 manibusque
1695 917 1959 973 fruantur.

276 994 422 1062 quod
457 993 685 1061 petiere,
721 995 979 1061 premunt
1013 994 1134 1045 arte
1171 991 1486 1058 faciuntque
1521 992 1764 1046 dolorem

274 1070 515 1138 eorporis
550 1073 608 1122 et
642 1069 835 1121 dentes
870 1066 1108 1120 inlidunt
1145 1083 1312 1140 saepe
1345 1067 1552 1120 labellis
1875 1084 1976 1124 loeo

276 1146 563 1214 osculaque
598 1145 863 1212 adfligunt
916 1145 1044 1211 quia
1076 1160 1185 1196 non
1221 1148 1307 1196 est
1343 1161 1482 1212 pura
1517 1145 1766 1215 voluptas

275 1227 334 1278 et
368 1223 571 1276 stimuli
610 1221 841 1274 subsunt
876 1222 969 1289 qui
1005 1220 1272 1287 instigant
1308 1219 1528 1273 laedere
1561 1221 1620 1274 id
1654 1222 1834 1291 ipsum

273 1297 651 1368 quodcumque
688 1303 787 1362 est,
824 1297 1003 1350 rabies
1039 1297 1185 1348 unde
1220 1295 1376 1349 illaec
1411 1297 1658 1363 germina
1691 1304 1936 1366 surgunt.

274 1375 373 1429 sed
409 1375 603 1429 leviter
637 1391 840 1442 poenas
872 1372 1077 1440 frangit
1112 1372 1304 1424 Venus
1337 1372 1482 1426 inter
1517 1389 1756 1426 amorem

272 1451 581 1520 blandaque
616 1451 858 1503 refrenat
892 1465 1104 1502 morsus
1140 1447 1388 1502 admixta
1421 1447 1689 1517 voluptas.
1879 1465 1972 1504 1035

274 1543 510 1596 namque
546 1527 599 1580 in
637 1543 703 1580 eo
741 1543 865 1594 spes
900 1529 1001 1591 cst,
1034 1524 1182 1578 unde
1217 1527 1306 1578 est
1341 1524 1554 1578 ardoris
1589 1525 1754 1593 erige,

276 1604 538 1672 restingui
578 1616 793 1671 quoque
828 1617 989 1671 posse
1025 1601 1094 1654 ab
1130 1601 1326 1655 eodem
1362 1616 1590 1670 corpore
1625 1601 1914 1656 flammam.

275 1679 423 1748 quod
456 1679 574 1732 fieri
594 1683 801 1742 *contra
834 1682 1015 1732 totum
1049 1682 1246 1731 natura
1283 1681 1582 1746 repugnat3

273 1772 491 1825 unaque
510 1772 597 1809 res
614 1755 749 1809 haec
768 1757 871 1821 est,
890 1754 1045 1809 euius
1062 1771 1234 1821 quom
1253 1772 1414 1823 quam
1434 1753 1666 1823 plurima
1683 1752 1962 1822 habemus,

275 1837 395 1886 tum
432 1833 603 1899 magis
640 1831 879 1884 ardescit
912 1831 1036 1884 dira
1070 1832 1377 1899 cuppedine
1414 1836 1616 1898 peetus.
1876 1845 1971 1885 109⁰

273 1926 399 1963 nam
434 1909 586 1963 cibus
621 1912 789 1975 atque
824 1922 981 1960 umor
1014 1906 1276 1960 membris
1311 1907 1619 1960 adsumitur
1653 1907 1832 1972 intus;

274 2002 415 2054 quae
450 1984 708 2053 quoniam
744 1990 925 2036 certas
960 1985 1190 2049 possunt
1224 1982 1477 2035 obsidere
1513 1984 1701 2051 part-is,

277 2062 377 2115 hoe
413 2060 570 2113 facile
605 2058 859 2127 expletur
895 2058 1113 2111 laticum
1151 2058 1480 2125 frugumque
1515 2058 1728 2125 cupide.

276 2154 343 2190 ex
382 2136 613 2189 hominis
648 2150 775 2188 vero
813 2134 949 2186 facie
986 2134 1320 2201 pulchroque
1356 2132 1536 2186 colore

276 2214 348 2266 nil
388 2213 551 2265 datur
585 2211 641 2263 in
678 2226 873 2278 corpus
910 2214 1134 2277 praeter
1169 2208 1458 2261 simulacra
1491 2208 1782 2263 fruendum
1877 2226 1973 2265 1095

276 2290 486 2351 tenvia;
524 2304 663 2356 quae
702 2291 862 2339 vento
899 2302 1024 2354 spes
1060 2287 1274 2353 raptast
1310 2299 1474 2353 saepe
1509 2284 1732 2339 misella.

278 2372 339 2418 ut
376 2364 563 2417 bibere
598 2363 651 2415 in
691 2362 889 2415 somnis
924 2360 1114 2413 sitiens
1152 2376 1316 2427 quom
1353 2360 1568 2427 quaerit
1603 2364 1662 2415 et
1697 2378 1853 2415 umor

275 2457 382 2494 non
422 2440 600 2504 datur,
638 2436 887 2491 ardorem
926 2436 1019 2505 qui
1057 2434 1318 2489 membris
1354 2434 1634 2503 stinguere
1666 2438 1853 2506 possit,

277 2516 376 2571 sed
410 2515 631 2569 laticum
668 2513 954 2567 simulacra
989 2513 1129 2580 petit
1164 2512 1476 2579 frustraque
1512 2511 1722 2567 laborat·

270 2594 329 2647 in
364 2591 653 2659 medioque
690 2589 807 2643 sitit
843 2588 1071 2642 torrenti
1110 2586 1336 2641 flumine
1371 2591 1582 2655 potans,
1874 2606 1970 2645 1100

274 2670 351 2723 sie
385 2669 443 2722 in
480 2684 664 2721 amore
700 2665 890 2720 Venus
926 2663 1228 2718 simulacris
1263 2663 1406 2717 ludit
1440 2665 1674 2719 amantis

275 2761 375 2799 nee
412 2744 612 2799 satiare
649 2748 858 2811 queunt
895 2740 1194 2810 spectando
1229 2756 1455 2809 corpora
1489 2757 1672 2794 coram

274 2839 374 2876 nee
410 2821 658 2873 manibus
696 2818 985 2886 quicquam
1022 2817 1227 2870 teneris
1262 2816 1530 2871 abradere
1565 2818 1824 2872 membris

275 2901 506 2968 possunt
541 2899 789 2949 errantes
824 2894 1019 2947 incerti
1055 2909 1279 2959 corpore
1316 2896 1447 2947 toto.

278 2974 509 3042 denique
545 2988 669 3026 eum
705 2968 967 3023 membris
1002 2968 1232 3023 conlatis
1268 2969 1400 3021 flore
1437 2969 1696 3023 fruuntur
1881 2984 1976 3023 1105

276 3051 487 3110 aetati&
524 3050 633 3102 iam
669 3063 793 3101 eum
828 3046 1107 3115 praesagit
1141 3046 1344 3113 gaudia
1378 3062 1576 3113 corpus

277 3129 444 3194 atque
480 3126 533 3178 in
570 3128 689 3177 eost
727 3122 917 3176 Venus
950 3124 1015 3175 ut
1050 3122 1334 3175 muliebria
1369 3125 1619 3175 censerat
1655 3138 1798 3187 arva,

278 3200 527 3268 adfigunt
564 3200 721 3252 avide
758 3213 954 3267 corpus
988 3198 1330 3265 iungimtque
1366 3196 1562 3250 salivas
