2259 3550
22 2576 147 2682 w

162 55 275 114 102
915 51 1063 109 1111

62 175 131 212 m
152 175 255 214 nec
290 157 451 212 simili
485 160 781 226 penetrant
816 155 967 210 auris
1000 154 1304 224 primordia
1326 157 1516 225 forma,

155 251 278 289 cum
316 233 451 287 tuba
484 232 745 301 depresso
778 231 1021 299 graviter
1054 231 1159 285 sub
1193 247 1475 287 murmure
1509 233 1690 302 mugit
1794 246 1868 286 54⁵

156 313 215 364 et
250 309 443 364 reboat
479 325 705 362 raucum
734 308 891 380 ⁴regio
927 308 1037 361 cita
1073 307 1308 361 barbara
1343 308 1618 378 bombum,

63 412 129 444 ω
156 389 216 441 et
252 385 447 439 validis
482 385 633 452 cycni
669 383 1009 438 torrentibus
1044 401 1111 436 ex
1156 383 1435 439 Heliconis

154 478 278 516 cum
313 460 578 530 liquidam
614 460 818 514 tollunt
852 459 1071 527 lugubri
1106 475 1238 514 voce
1275 461 1588 530 querellam.

228 538 411 596 Hasce
444 537 616 604 igitur
650 536 869 603 penitus
905 552 1065 590 voces
1098 552 1223 590 cum
1259 553 1488 606 corpore
1522 540 1712 592 nostro

154 613 511 683 exprimimus
544 616 808 680 rectoque
843 612 989 666 foras
1025 612 1331 666 emittimus
1366 629 1477 679 ore,
1785 626 1861 666 550

154 689 369 744 mobilis
406 688 663 742 articulat
697 689 987 742 verborum
1027 687 1260 741 daedala
1293 688 1478 757 lingua

63 793 127 823 σεο
152 767 563 832 formaturaque
596 763 873 817 labrorum
909 779 1008 832 pro
1042 767 1203 832 parte
1237 764 1455 832 figurat.

65 869 129 902 55³
154 843 257 897 hoc
292 842 386 896 ubi
422 858 529 894 non
564 840 786 907 longum
824 839 1119 908 spatiumst
1154 839 1300 893 unde
1335 857 1444 894 una
1478 840 1728 909 profecta

154 919 438 988 perveniat
472 934 577 970 vox
615 933 881 986 quaeque,
918 921 1194 970 necessest
1229 915 1398 970 verba
1433 933 1652 985 quoque
1687 915 1808 984 ipsa

154 996 314 1064 plane
350 994 597 1049 exaudiri
637 993 983 1060 discernique
1019 993 1366 1046 articulatim.
1793 1005 1864 1046 556

155 1075 339 1126 servat
375 1072 521 1125 enim
557 1070 915 1124 formaturam
954 1073 1248 1136 servatque
1287 1069 1534 1137 figuram.

153 1153 213 1202 at
250 1149 294 1201 si
330 1147 711 1216 interpositum
749 1145 984 1212 spatium
1022 1145 1094 1198 sit
1128 1144 1345 1212 longius
1380 1162 1572 1213 aequo,

154 1241 281 1278 aera
315 1240 417 1292 per
450 1223 685 1276 multum
721 1221 979 1275 confundi
1015 1220 1186 1274 verba
1217 1226 1496 1291 necessest

154 1305 212 1354 et
247 1299 565 1353 conturbari
602 1315 804 1363 vocem,
843 1298 971 1350 dum
1012 1283 1312 1351 transvolat
1347 1313 1522 1350 auras.
1868 1359 1874 1365 ι

154 1392 287 1444 ergo
322 1375 400 1443 fit,
440 1375 678 1429 sonitum
715 1377 777 1428 ut
811 1374 985 1442 possis
1022 1373 1224 1426 sentire
1257 1389 1440 1442 neque
1475 1372 1624 1425 illam
1788 1387 1862 1426 seo

150 1453 535 1517 internoscere,
566 1450 855 1504 verborum
891 1449 1167 1503 sententia
1206 1465 1348 1518 quae
1385 1449 1485 1503 sit:

154 1543 327 1596 usque
362 1527 503 1580 adeo
536 1526 761 1580 confusa
793 1526 945 1579 venit
981 1541 1086 1578 vox
1122 1526 1286 1592 inque
1321 1524 1522 1593 pedita.

154 1607 444 1672 praeterea
476 1602 705 1656 verbum
744 1616 909 1670 saepe
941 1618 1107 1656 unum
1144 1602 1352 1669 perciet
1387 1602 1534 1654 auris

154 1678 405 1732 omnibus
442 1679 496 1731 in
520 1678 733 1746 populo,
770 1677 997 1730 missum
1031 1678 1314 1746 praeconis
1352 1676 1420 1728 ab
1457 1694 1566 1730 ore.

156 1755 211 1808 in
246 1754 447 1809 multas
482 1754 653 1822 igitur
688 1769 845 1807 voces
880 1769 986 1807 vox
1021 1769 1132 1808 una
1167 1757 1394 1822 repente
1787 1769 1860 1809 5⁶5

156 1832 389 1899 diffugit,
428 1832 483 1883 in
521 1830 703 1899 privas
740 1830 993 1897 quoniam
1031 1848 1089 1883 se
1126 1830 1325 1883 dividit
1360 1830 1508 1883 auris

154 1908 444 1974 obsignans
482 1907 711 1959 formam
749 1905 903 1959 verbi
939 1908 1254 1974 clarumque
1292 1922 1558 1959 sonorem.

152 1989 213 2038 at
249 2000 389 2052 quae
423 2000 549 2051 pars
586 1999 777 2036 vocum
812 1999 919 2035 non
956 1983 1102 2035 auris
1139 1982 1329 2035 incidit
1363 1983 1522 2050 ipsas,

152 2060 489 2129 praeterlata
522 2059 671 2128 perit
704 2058 911 2111 frustra
946 2058 1144 2111 diffusa
1177 2074 1277 2125 per
1311 2074 1485 2111 auras.

154 2153 295 2204 pars,
334 2135 523 2189 solidis
558 2134 743 2201 adlisa,
778 2134 909 2187 locis
945 2134 1150 2187 reiecta
1185 2150 1431 2187 sonorem
1787 2148 1860 2189 5⁷⁰

154 2211 342 2266 reddit
378 2216 437 2265 et
470 2210 747 2265 interdum
787 2211 1085 2264 frustratur
1122 2210 1356 2277 imagine
1391 2210 1559 2264 verbi.

153 2305 293 2355 quae
328 2288 467 2342 bene
502 2304 627 2341 cum
663 2286 865 2353 videas,
901 2286 1169 2340 rationem
1204 2285 1438 2340 reddere
1475 2287 1649 2355 possis

151 2368 275 2419 tute
307 2364 410 2418 tibi
446 2367 615 2432 atque
651 2363 785 2429 aliis,
825 2379 933 2431 quo
966 2366 1130 2431 paeto
1163 2377 1265 2430 per
1300 2362 1417 2415 loca
1453 2363 1566 2416 sola

152 2457 283 2494 saxa
318 2440 467 2507 paris
501 2439 702 2493 formas
740 2438 1029 2493 verborum
1066 2456 1136 2492 ex
1173 2438 1364 2491 ordine
1400 2437 1651 2504 reddant,

153 2516 389 2585 palantis
424 2516 649 2570 comites
686 2533 809 2569 cum
847 2517 1048 2568 montis
1084 2516 1229 2567 inter
1265 2531 1464 2583 opacos
1779 2527 1855 2569 57⁶

156 2593 468 2660 quaerimus
505 2594 563 2645 et
596 2608 795 2659 magna
830 2591 1103 2658 dispersos
1140 2607 1274 2644 voce
1307 2591 1526 2645 ciemus.

159 2686 255 2741 sex
289 2668 455 2722 etiam
492 2670 590 2722 aut
626 2670 837 2735 septem
874 2666 993 2719 loca
1024 2667 1140 2721 vidi
1173 2667 1408 2721 reddere
1444 2682 1617 2731 voces,

157 2761 321 2799 unam
357 2761 481 2798 cum
516 2745 749 2798 iaceres:
785 2743 866 2796 ita
901 2742 1065 2797 eolles
1100 2743 1328 2797 collibus
1361 2742 1465 2811 ipsi

157 2821 327 2875 verba
361 2822 701 2889 repulsantes
734 2818 1011 2874 iterabant
1046 2819 1211 2873 docta
1243 2819 1452 2873 referri.

154 2898 289 2951 haee
322 2897 441 2952 loca
477 2896 799 2966 capripedes
834 2899 1044 2964 satyros
1077 2894 1452 2963 nymphasque
1483 2898 1675 2949 tenere
1783 2908 1858 2948 ⁵8⁰

153 2973 374 3028 finitimi
409 2974 623 3041 fingunt
661 2975 720 3025 et
752 2972 943 3025 faunos
979 2988 1099 3025 esse
1134 2972 1385 3024 locuntur

153 3065 384 3117 quorum
420 3050 706 3117 noctivago
742 3049 979 3116 strepitu
1012 3047 1250 3113 ludoque
1286 3047 1484 3100 iocanti

152 3125 445 3179 adfirmant
480 3125 637 3191 volgo
672 3124 947 3179 taciturna
982 3123 1200 3177 silentia
1236 3122 1414 3189 rumpi
