2259 3550
1097 105 1198 162 VI
1896 105 2012 162 173

304 209 579 264 disturbat
614 209 779 265 urbes
815 213 873 263 et
907 213 1091 264 terrae
1124 213 1306 264 motus
1335 209 1582 267 obortus.

304 286 585 354 multaque
622 289 913 358 praeterea
947 285 1266 340 ceciderunt
1302 286 1515 339 moenia
1548 286 1762 354 magnis

304 362 544 416 motibus
579 361 636 414 in
672 361 839 433 terris
874 364 934 415 et
969 361 1175 414 multae
1211 377 1310 429 per
1345 378 1496 416 mare
1531 379 1750 430 pessum

304 437 602 492 subsedere
640 439 753 492 suis
786 438 998 507 pariter
1034 454 1159 492 cum
1195 437 1402 492 civibus
1438 438 1615 492 urbes,
1946 455 2020 493 5oe

304 514 453 582 quod
489 514 592 567 nisi
628 514 958 584 prorumpit,
992 517 1182 568 tamen
1218 515 1458 583 impetus
1493 515 1610 584 ipse
1645 516 1844 570 animai

301 592 361 643 et
394 589 515 643 fera
550 590 631 644 vis
666 591 815 644 venti
850 607 951 660 per
984 589 1177 645 crebra
1211 590 1478 644 foramina
1511 595 1696 645 terrae

306 665 631 734 dispertitur
659 672 727 721 vut
742 712 744 714 .
761 666 956 720 horror
990 668 1051 720 et
1082 666 1283 720 incutit
1317 667 1448 721 inde
1482 671 1810 734 tremorem3

302 741 477 808 frigus
511 741 596 796 uti
632 746 847 796 nostros
881 742 1101 812 penitus
1135 759 1259 796 cum
1298 743 1449 797 venit
1481 745 1537 809 in
1573 747 1745 811 artus,

308 818 551 872 concutit
584 818 785 872 invitos
821 835 1021 886 cogens
1055 822 1296 872 tremere
1331 822 1498 888 atque
1533 836 1766 874 movere.
1939 835 2012 874 επ

307 893 531 961 ancipiti
568 893 851 962 trepidant
886 894 1058 962 igitur
1092 897 1306 948 terrore
1341 911 1442 963 per
1474 895 1642 963 urbia

307 972 457 1022 tecta
491 985 725 1038 superne
762 970 975 1038 timent,
1010 973 1266 1024 metuunt
1301 970 1512 1026 inferne
1547 988 1808 1026 cavernas

307 1045 478 1098 terrai
511 1062 582 1099 ne
618 1045 880 1100 dissoluat
915 1050 1115 1100 natura
1150 1051 1392 1116 repente,

307 1137 415 1174 neu
450 1121 715 1176 distracta
750 1137 908 1175 suum
944 1123 1056 1176 late
1092 1121 1390 1192 dispandat
1425 1124 1636 1178 hiatum

306 1197 488 1266 adque
523 1198 634 1251 suis
668 1198 891 1252 confusa
927 1199 1060 1252 velit
1096 1199 1372 1267 complere
1407 1199 1592 1253 ruinis.
1947 1215 2038 1256 σου.

307 1274 538 1343 proinde
572 1273 705 1328 licet
739 1275 985 1343 quamvis
1020 1275 1232 1329 caelum
1269 1279 1586 1344 terramque
1625 1281 1852 1330 reantur

304 1350 623 1419 incorrupta
656 1350 774 1404 fore
808 1353 1066 1404 aeternae
1101 1349 1363 1405 mandata
1397 1351 1588 1416 saluti3

308 1429 367 1479 et
401 1429 587 1480 tamen
622 1425 901 1480 interdum
938 1442 1201 1495 praesens
1237 1427 1318 1479 vis
1353 1427 1475 1496 ipsa
1508 1428 1697 1495 pericli

308 1501 499 1556 subdit
534 1506 593 1557 et
628 1501 771 1556 hunc
812 1501 1093 1556 stimulum
1130 1501 1367 1570 quadam
1405 1503 1476 1556 de
1509 1508 1670 1572 parte
1701 1505 1928 1568 timoris,
1999 1569 2002 1572 .

308 1595 377 1632 ne
412 1578 649 1647 pedibus
694 1579 896 1646 raptim
933 1578 1099 1632 tellus
1137 1577 1420 1633 subtracta
1455 1581 1666 1634 feratur
1951 1596 2024 1634 605

307 1656 364 1707 in
400 1655 719 1708 barathrum
755 1671 1045 1723 rerumque
1083 1657 1348 1722 sequatur
1381 1655 1604 1723 prodita
1639 1673 1848 1710 summa

306 1731 555 1787 funditus
592 1737 650 1786 et
686 1731 784 1786 fiat
819 1731 1011 1786 mundi
1045 1731 1270 1786 confusa
1301 1732 1471 1785 ruina.

378 1808 678 1878 [Principio
713 1826 865 1863 mare
900 1808 1172 1862 mirantur
1208 1825 1316 1862 non
1351 1808 1589 1863 reddere
1625 1810 1768 1864 maiu

308 1890 577 1952 naturam,
614 1901 721 1952 quo
760 1884 832 1937 sit
868 1888 1055 1937 tantus
1092 1884 1353 1937 decursus
1389 1901 1666 1953 aquarum,
2068 1898 2108 1917 *-

308 1960 487 2014 omnia
522 1977 631 2030 quo
666 1961 887 2014 veniant
924 1976 992 2013 ex
1029 1960 1177 2012 omni
1214 1959 1434 2017 flumina
1467 1964 1640 2028 parte.
1695 1930 1754 2035 q
1780 1957 1922 2029 Se..-
1951 1978 2026 2017 610

309 2036 454 2090 adde
489 2052 657 2103 vagos
692 2036 883 2089 imbris
920 2038 1390 2103 tempestatesque
1425 2036 1686 2103 volanteS‚
1748 2036 1828 2167 ί

308 2113 489 2166 omnia
522 2128 675 2180 quae·
694 2112 865 2165 maria
900 2128 962 2165 ac
998 2115 1178 2165 terras
1216 2115 1591 2179 sparguntque
1625 2113 1747 2179 riga
1814 2047 2168 2203 &yn-Z

308 2188 452 2243 adde
487 2205 614 2243 suos
648 2188 815 2243 fontis
832 2210 844 2253 ;
880 2192 1063 2241 tamen
1098 2186 1172 2240 ad
1207 2189 1372 2241 maris
1408 2188 1589 2242 omnia
1626 2206 1892 2243 summam
2128 2168 2226 2225 —s

307 2266 488 2333 guttai
524 2264 614 2318 vix
650 2264 824 2318 instar
860 2267 1022 2318 erunt
1056 2264 1215 2317 unius
1251 2262 1587 2332 adaugmen3

310 2358 421 2409 quo
445 2342 622 2395 minus
648 2344 736 2395 est
763 2340 961 2393 mirum
986 2356 1139 2393 mare
1163 2356 1271 2393 non
1296 2356 1587 2408 augescere
1609 2358 1880 2409 magnum.
1953 2358 2028 2399 015

308 2421 595 2485 praeterea
630 2433 883 2483 magnam
920 2415 1001 2468 sol
1034 2419 1250 2483 partem
1289 2415 1535 2469 detrahit
1573 2423 1746 2471 aestu.

308 2492 513 2562 quippe
549 2493 799 2547 videmus
834 2492 979 2546 enim
1013 2492 1182 2545 vestis
1218 2508 1409 2547 umore
1443 2492 1717 2547 madentis

308 2569 581 2623 exsiccare
618 2570 730 2623 suis
764 2568 935 2633 radiis
970 2567 1280 2622 ardentibu’
1315 2570 1514 2625 solem:

306 2651 365 2699 at
400 2646 593 2716 pelage
628 2645 802 2699 multa
837 2652 895 2700 et
930 2646 1042 2699 late
1077 2644 1359 2700 substrata
1392 2646 1653 2701 videmus.

304 2721 535 2791 proinde
571 2722 702 2777 licet
736 2723 987 2792 quamvis
1023 2739 1091 2775 ex
1127 2739 1236 2776 uno
1274 2739 1490 2792 quoque
1527 2724 1645 2777 loco
1681 2724 1762 2778 sol
1946 2741 2035 2780 620.

305 2799 511 2853 umoris
548 2816 769 2868 parvam
809 2798 1016 2853 delibet
1050 2798 1120 2852 ab
1155 2814 1392 2867 aequore
1426 2804 1674 2869 partem3

303 2876 535 2943 largiter
569 2877 626 2929 in
664 2880 820 2929 tanto
861 2876 1039 2945 spatio
1074 2878 1261 2930 tamen
1300 2876 1519 2930 auferet
1553 2877 1733 2932 nudie.

306 2956 427 3006 tum
464 2968 627 3021 porro
663 2952 813 3006 venti
850 2969 1067 3021 quoque
1104 2969 1356 3022 magnam
1393 2953 1588 3007 tollere
1623 2958 1839 3023 partem

310 3029 513 3082 umoris
547 3032 779 3098 possunt
813 3032 1097 3083 verrentes
1130 3046 1383 3098 aequora,
1419 3029 1598 3083 ventis

309 3120 420 3157 una
457 3108 618 3159 nocte
653 3106 767 3161 vias
801 3106 1054 3174 quoniam
1090 3122 1358 3175 persaepe
1395 3104 1642 3159 videmus
1953 3122 2037 3161 625·

311 3180 502 3233 siccari
538 3182 823 3251 mollisque
860 3182 961 3235 luti
998 3194 1350 3235 concrescere
1386 3185 1610 3237 crustas,
