2259 3550
365 215 587 270 flumina
622 213 901 268 abundare
937 218 1000 267 ut
1034 213 1279 268 facerent
1313 231 1641 285 camposque
1678 222 1884 283 natare,

363 291 412 345 si
448 307 557 345 non
593 291 863 345 extructis
897 291 1041 344 foret
1074 289 1188 344 alte
1224 291 1458 344 nubibus
1494 293 1701 348 aether.

363 368 451 422 hic
484 369 654 436 igitur
690 369 865 421 ventis
900 371 1068 435 atque
1104 365 1319 434 ignibus
1355 369 1534 421 omnia
1567 369 1735 437 plena

344 449 521 509 ‘sunt3
557 443 684 498 ideo
721 443 922 512 passim
959 443 1214 496 fremitus
1249 447 1308 497 et
1343 444 1560 512 fulgura
1594 447 1744 498 fiunt.

362 521 566 590 quippo
602 521 807 574 etenim
846 536 1010 589 supra
1047 520 1208 573 docui
1244 522 1518 588 permulta
1554 525 1768 591 vaporis

363 598 570 651 semina.
606 597 810 650 habere
847 613 1005 652 cavas
1041 596 1215 649 nubes
1253 601 1311 650 et
1346 597 1519 650 multa
1554 604 1830 652 necessest

362 675 647 742 concipere
685 691 752 726 cx
791 673 919 727 solis
956 672 1123 726 radiis
1163 673 1470 740 ardoreque
1505 690 1707 727 corum.

364 751 464 804 hoc
498 750 593 804 ubi
630 755 826 804 ventus
861 765 953 803 eas
990 749 1139 802 idem
1177 750 1270 817 qui
1308 751 1454 817 cogit
1491 750 1545 802 in
1583 767 1750 803 unum

362 827 506 880 forte
542 827 718 880 locum
757 826 1017 894 quemvis,
1055 827 1327 894 expressit
1363 827 1534 879 multa
1571 827 1784 895 vaporis

364 904 571 956 semina
608 919 775 971 seque
812 902 970 956 simul
1005 919 1128 955 cum
1165 919 1229 955 eo
1268 902 1610 956 commiscuit
1643 901 1772 971 igni,

364 979 670 1033 insinuatus
708 979 781 1031 ibi
820 982 1013 1032 vortex
1052 984 1305 1032 versatur
1341 979 1396 1031 in
1434 983 1555 1032 arto

366 1059 425 1109 et
461 1055 649 1109 calidis
688 1056 838 1109 acuit
872 1055 1078 1108 fulmen
1115 1055 1424 1109 fornacibus
1460 1056 1619 1110 intus

365 1149 491 1186 nam
528 1132 733 1200 duplici
772 1131 983 1185 ratione
1019 1131 1352 1196 accenditur,
1389 1132 1506 1200 ipsc
1542 1148 1640 1184 sua
1673 1148 1797 1184 cum

351 1207 669 1262 ‘mobilitate
709 1207 931 1261 calescit
968 1211 1025 1261 et
1062 1224 1093 1260 e
1128 1208 1453 1274 contagibus
1487 1209 1642 1276 ignis

362 1285 493 1338 inde
527 1284 620 1338 ubi
656 1283 925 1354 percaluit
960 1285 1108 1338 venti
1145 1285 1226 1338 vis
1261 1292 1311 1338 et
1346 1285 1528 1351 gravis
1566 1285 1708 1352 ignis

360 1361 600 1430 impetus
636 1361 873 1426 incessit,
912 1365 1190 1414 maturum
1227 1365 1345 1414 tum
1384 1361 1540 1429 quasi
1575 1360 1782 1413 fulmen

364 1433 665 1505 perscindit
702 1437 881 1490 subito
918 1437 1135 1504 nubem,
1170 1438 1454 1506 ferturque
1489 1438 1726 1491 coruscis

364 1515 545 1566 omnia
578 1513 870 1567 luminibus
908 1513 1150 1567 lustrans
1188 1514 1303 1567 loca
1341 1515 1583 1582 percitus
1618 1513 1794 1566 ardor.

354 1605 528 1657 quem
562 1590 745 1659 gravis
780 1590 1086 1657 insequitur
1123 1590 1345 1656 sonitus,‚
1384 1590 1620 1659 displosa
1655 1595 1883 1659 repente

363 1667 675 1736 opprimere
709 1669 774 1720 ut
808 1666 943 1721 caeli
980 1667 1236 1720 videatur
1271 1667 1479 1736 templa
1515 1683 1764 1738 superne.

362 1743 502 1797 inde-
526 1747 734 1797 tremor
770 1747 947 1798 terras
984 1745 1229 1813 graviter
1267 1747 1607 1815 pertemptat
1643 1748 1701 1798 et
1737 1743 1908 1797 altum

363 1836 643 1873 murmura
678 1836 1005 1891 percurram,
1041 1822 1266 1875 eaelum.
1302 1838 1427 1874 nam
1463 1826 1584 1875 tota
1617 1821 1734 1875 fere
1767 1824 1886 1874 tum

363 1900 667 1965 tempestas
704 1913 962 1949 concussa
997 1897 1189 1950 tremit
1225 1898 1588 1966 fremitusque
1625 1902 1925 1950 moventur.

362 1988 472 2040 quo
508 1974 582 2025 dc
618 1988 882 2026 concussu
918 1974 1165 2038 sequitur
1198 1973 1380 2041 gravis
1417 1974 1594 2027 imber
1629 1978 1687 2027 et
1720 1973 1872 2039 uber,

365 2048 541 2102 omnis
576 2048 658 2101 uti
696 2048 949 2101 videatur
984 2048 1039 2099 in
1074 2048 1305 2101 imbrem
1343 2050 1547 2102 vertier
1583 2049 1774 2102 aether

365 2128 533 2193 atque
568 2125 649 2178 ita
685 2124 1052 2193 praecipitans
1092 2126 1162 2176 ad
1202 2124 1458 2177 diluviem
1497 2126 1767 2179 revocari:

364 2204 553 2253 tantus
589 2200 817 2253 discidio
848 2199 1013 2253 nubis
1052 2201 1308 2267 ventique
1343 2201 1579 2268 procella

366 2277 621 2343 mittitur,
660 2276 874 2329 ardenti
914 2277 1121 2330 sonitus
1159 2292 1281 2329 cum
1320 2276 1569 2345 provolat
1609 2277 1738 2331 ictu.

365 2356 453 2406 cst
488 2354 651 2407 etiam
689 2371 811 2406 cum
849 2354 929 2406 vis
966 2353 1307 2407 extrinsecus
1343 2353 1512 2407 incita
1546 2354 1694 2407 venti

364 2429 558 2483 incidit
592 2431 646 2483 in
682 2429 914 2483 calidam
951 2432 1167 2483 maturo
1202 2428 1428 2482 fulmine
1465 2428 1696 2494 nubem;

363 2522 530 2573 quam
566 2508 695 2559 cum
724 2505 1001 2578 perscidit,
1039 2505 1316 2574 extemplo
1353 2506 1502 2560 cadit
1536 2506 1727 2574 igneus
1761 2506 1853 2559 illc

366 2585 555 2636 vertex
593 2598 754 2651 quem
790 2582 971 2651 patrio
1008 2582 1308 2635 vocitamus
1344 2584 1560 2637 nominc
1597 2582 1817 2636 fulmen.

366 2658 469 2712 hoc
504 2659 568 2713 fit
605 2659 751 2712 idem
781 2660 843 2729 ¹in
879 2659 1053 2727 partis
1090 2659 1236 2723 alias,
1273 2662 1619 2728 quocumque
1652 2660 1781 2713 tulit
1817 2660 1913 2712 vis,

362 2728 431 2789 fit
466 2752 683 2807 quoque
720 2739 783 2789 ut
819 2734 1099 2789 interdum
1139 2736 1284 2788 venti
1322 2736 1404 2787 vis
1439 2737 1602 2789 missa
1639 2736 1753 2789 sine
1791 2735 1904 2803 igni

364 2812 596 2880 igniscat
631 2817 813 2865 tamen
850 2812 904 2864 in
943 2812 1119 2882 spatio
1153 2812 1421 2881 longoque
1455 2816 1657 2879 meatu,

366 2888 498 2942 dum
534 2887 699 2953 venit,
736 2888 997 2941 amittens
1032 2889 1085 2941 iu
1123 2905 1288 2941 cursu
1324 2906 1548 2958 corpora
1583 2890 1854 2957 quaedam

1958 116 2065 170 165

2004 841 2074 881 275

2001 1223 2075 1261 280

2004 2366 2076 2407 295

364 2964 595 3033 grandia
630 2981 771 3032 quae
806 2968 1084 3033 nequeunt
1117 2966 1328 3033 pariter
1363 2970 1656 3033 penetrare
1691 2981 1792 3033 per
1827 2981 2018 3030 auras;

366 3044 533 3109 atquc
568 3040 675 3093 alia
711 3058 777 3094 ex
814 3041 932 3110 ipso
968 3041 1266 3094 conradens
1303 3058 1428 3094 acre
1465 3046 1652 3110 portat

366 3116 591 3185 parvola
626 3134 764 3189 quac
800 3117 1004 3171 faciunt
1040 3115 1219 3184 ignem
1256 3118 1553 3172 commixta
1589 3118 1848 3185 volando;

368 3209 474 3245 non
512 3193 617 3247 alia
636 3194 812 3261 longe
846 3194 1059 3247 ratione
1094 3208 1158 3249 ac
1195 3193 1450 3263 plumbea
1487 3210 1649 3263 saepo

2004 3132 2076 3169 305
