2259 3550
1102 133 1248 190 ΠΗ
1907 120 2018 192 1'09

325 233 574 304 effugere,
612 252 853 290 errorem
889 237 1174 306 vitareque
1209 243 1667 307 praemetuenter‚

323 311 525 366 lumina
560 328 631 365 ne
665 312 851 378 facias,
868 313 1145 367 oculorum
1181 314 1326 368 clara
1359 319 1560 383 creata,
1949 331 2024 372 825

236 412 301 446 επ
324 389 633 458 prospicere
670 393 735 443 ut
766 405 1064 459 possemus,
1098 394 1158 444 et
1191 394 1256 445 ut
1289 392 1536 460 proferre
1571 409 1842 462 queamus

324 481 579 535 proceros
614 481 820 534 passus,
856 466 981 520 ideo
1014 467 1235 534 fastigia
1267 483 1426 535 posse

324 559 572 596 surarum
610 560 673 596 ac
708 542 969 597 feminum
1004 543 1240 614 pedibus
1274 544 1508 599 fundata
1542 547 1747 616 plicari,

324 619 575 673 bracchia
611 623 729 673 tum
764 635 927 689 porro
963 619 1158 674 validis
1193 637 1262 675 ex
1298 625 1430 690 apta
1464 622 1683 678 lacertis

325 711 444 750 esse
478 712 775 763 manusque
811 695 971 750 datas
1004 699 1242 766 utraque
1275 714 1344 751 ex
1378 703 1537 768 parte
1573 700 1862 768 ministrae,
1950 715 2024 755 830

325 775 389 826 ut
421 771 603 826 facere
638 772 711 825 ad
746 773 915 826 vitam
950 789 1236 842 possemus
1271 791 1410 843 quae
1445 776 1586 829 foret
1621 792 1766 831 usus.

325 851 510 903 cetera
546 848 615 902 de
651 865 853 916 genere
883 849 985 902 hoe
1019 849 1167 903 inter
1201 866 1575 920 quaecumque
1609 855 1916 921 pretantur,

322 925 501 978 omnia
537 941 793 993 perversa
830 929 1188 995 praepostera
1222 931 1350 981 sunt
1385 928 1610 994 ratione,

323 1001 398 1054 nil
435 1001 559 1054 ideo
596 1003 851 1070 quoniam
888 1005 1134 1055 natumst
1167 1003 1224 1056 in
1259 1019 1489 1072 corpore
1523 1009 1587 1057 ut
1623 1005 1705 1058 uti

323 1093 619 1146 possemuS,
656 1077 755 1131 sed
792 1077 939 1146 quod
974 1083 1220 1132 natumst
1255 1078 1311 1131 id
1347 1084 1602 1148 procreat
1637 1097 1809 1134 usum.
1950 1096 2024 1136 835

325 1169 424 1208 nec
458 1154 563 1208 fuit
600 1158 727 1207 ante
762 1154 951 1208 videre
987 1155 1263 1208 oculorum
1301 1154 1504 1209 lumina
1539 1161 1669 1210 nata

326 1246 425 1283 nec
462 1229 620 1283 dietis
654 1245 812 1284 orare
847 1231 999 1299 prius
1034 1247 1196 1299 quam
1235 1231 1420 1298 lingua
1455 1236 1708 1300 creatast‚

325 1306 423 1359 sed
458 1307 641 1376 potius
676 1306 834 1373 longe
871 1306 1085 1374 linguae
1120 1308 1418 1374 praecessit
1453 1309 1605 1376 origo

326 1398 627 1436 sermonem
662 1383 943 1449 multoque
979 1387 1195 1436 creatae
1233 1388 1361 1437 sunt
1395 1385 1548 1453 prius
1584 1401 1743 1438 aures

324 1476 486 1528 quam
513 1476 673 1511 sonus
697 1463 781 1511 cst
805 1459 1039 1525 audituS,
1065 1463 1123 1512 ct
1149 1459 1330 1512 omnia
1355 1459 1590 1528 deniquo
1615 1461 1861 1515 membra
1949 1477 2023 1515 810

323 1538 451 1588 ante
486 1535 651 1598 sucre,
687 1539 750 1588 ut
785 1535 989 1602 opinor,
1028 1552 1216 1588 eorum
1257 1551 1420 1604 quam
1455 1536 1601 1589 foret
1636 1553 1779 1589 usuS.

324 1611 465 1664 haud
504 1611 668 1678 igitur
702 1615 929 1679 potuero
964 1611 1157 1664 utendi
1195 1628 1442 1666 crescere
1477 1628 1649 1666 causa.

322 1690 383 1741 at
417 1691 609 1741 contra
642 1687 888 1742 conferre
922 1704 1087 1740 manu
1124 1689 1426 1741 certamina
1458 1705 1672 1758 pugnae

324 1767 381 1819 et
416 1763 649 1818 lacerare
684 1766 836 1817 artus
870 1762 1200 1832 foedareque
1235 1765 1481 1818 membra
1516 1782 1706 1819 cruore

324 1844 453 1895 ante
488 1842 590 1893 suit
627 1840 797 1893 multo
833 1856 996 1908 quam
1032 1840 1214 1894 lucida
1248 1842 1362 1894 tela
1395 1841 1656 1909 volarent,
1951 1858 2023 1899 8125

326 1922 385 1971 et
418 1917 605 1971 volnus
642 1917 813 1969 vitare
848 1917 999 1985 prius
1036 1921 1236 1971 natura
1271 1918 1452 1985 coegit

323 2010 487 2061 quam
524 1992 685 2047 daret
718 1992 991 2046 obiectum
1028 1993 1236 2061 parmai
1272 1994 1424 2047 laeva
1459 2010 1560 2061 per
1594 1998 1784 2047 artem.

324 2069 528 2123 scilicet
563 2075 619 2123 et
654 2069 855 2121 fessum
892 2086 1088 2137 corpus
1126 2068 1387 2123 mandare
1424 2069 1596 2137 quieti

324 2144 493 2197 multo
528 2143 803 2212 antiquius
839 2148 926 2197 est
960 2161 1122 2211 quam
1158 2144 1287 2197 lecti
1322 2145 1506 2198 mollia
1542 2149 1733 2211 strata,

324 2224 381 2274 et
416 2219 609 2274 sedare
644 2219 790 2273 sitim
827 2220 979 2289 prius
1014 2224 1099 2273 cst
1137 2236 1299 2287 quam
1335 2220 1527 2289 pocula
1563 2224 1765 2274 natmn.
1950 2236 2024 2276 850

322 2296 455 2349 haec
488 2296 657 2363 igitur
693 2299 919 2362 possunt
953 2294 1147 2347 utendi
1183 2295 1400 2361 cognita
1435 2310 1598 2349 causa

322 2371 547 2438 eredier,
583 2388 651 2425 ex
688 2388 791 2423 usu
824 2387 963 2439 quae
1002 2375 1128 2423 sunt
1165 2371 1386 2439 vitaque
1423 2376 1656 2440 reperta.

321 2448 415 2500 illa
450 2448 670 2516 quidem
707 2463 947 2501 seorsum
986 2450 1113 2500 sunt
1149 2446 1328 2499 omnia
1362 2462 1502 2515 quae
1536 2447 1688 2515 prius
1723 2446 1844 2515 ipsa

323 2528 451 2577 nata
486 2523 691 2577 dedere
727 2540 856 2577 suae
890 2528 1016 2593 post
1052 2523 1302 2576 notitiam
1337 2523 1606 2576 utilitatis.

320 2616 425 2667 quo
460 2616 662 2667 genere
697 2600 751 2653 in
791 2599 978 2668 primis
1016 2615 1206 2652 sensus
1241 2602 1299 2652 et
1335 2599 1581 2653 membra
1615 2598 1893 2664 videmus3
1951 2613 2023 2653 855

320 2692 489 2744 quare
513 2676 681 2733 etiam
706 2678 870 2743 atque
899 2676 1066 2729 etiam
1091 2674 1281 2745 procul
1305 2678 1392 2728 est
1415 2677 1480 2727 ut
1503 2674 1732 2728 credere
1753 2674 1930 2743 possis

319 2752 574 2807 utilitatis
610 2752 681 2806 ob
716 2752 946 2809 officium
983 2752 1225 2821 potuisse
1261 2750 1476 2819 creari]
1781 2686 2181 2865 M

388 2828 561 2899 [Illud
596 2830 733 2884 item
768 2845 876 2882 non
912 2834 999 2883 est
1034 2828 1359 2893 mirandum,
1397 2828 1638 2896 eorporis
1673 2829 1793 2895 ipsa

320 2905 469 2974 quod
503 2909 701 2960 natura
736 2905 917 2959 cibum
952 2905 1168 2973 quaerit
1203 2904 1464 2971 cuiusque
1497 2903 1876 2990 animantiam
2068 2935 2128 2987 ί)

319 2982 519 3051 quippe
543 2983 745 3036 etenim
768 2981 938 3035 fluere
963 2986 1129 3051 atque
1154 2980 1414 3035 recedere
1437 2996 1664 3047 corpora
1688 2978 1851 3032 rebus
1949 2995 2020 3035 800
2110 2988 2129 3031 7

318 3058 493 3111 multa
527 3058 703 3112 modis
738 3057 925 3110 multis
962 3058 1136 3123 docui,
1173 3056 1271 3110 sed
1305 3056 1541 3124 plurima
1576 3055 1782 3109 debent
1844 3046 2088 3169 ‘7⁸⁸3

319 3150 388 3185 ex
423 3134 747 3188 animalibu’.
782 3150 925 3199 quae
959 3134 1085 3201 quia
1120 3138 1249 3186 sunt
1285 3131 1526 3185 exercita
1559 3135 1724 3197 motu,

319 3208 598 3278 multaque
632 3227 732 3279 per
770 3209 1026 3272 sudorem
1062 3226 1129 3263 ex
1169 3210 1280 3263 alto
1315 3222 1505 3277 pressa
1539 3208 1801 3275 feruntur,
