2259 3550
245 74 356 132 160
1058 70 1156 126 VI

238 191 346 245 quo
380 175 554 241 magis
588 177 838 229 errantes
872 189 1035 228 azeca
1070 175 1282 228 ratione
1315 173 1582 229 feruntur.

238 265 379 320 quae
414 249 516 303 nisi
552 249 761 318 respuis
798 267 865 303 ex
903 249 1082 304 animo
1118 249 1387 318 longeque
1421 248 1662 304 remittis

238 327 323 380 dis
356 325 580 393 indigna
614 327 811 393 putare
844 326 1129 394 alienaque
1163 326 1312 394 pacis
1347 341 1551 392 eorum,

237 403 479 458 delibata
514 404 679 456 deum
713 419 813 472 per
847 407 905 457 te
940 403 1045 457 tibi
1081 404 1305 456 numina
1338 406 1529 456 saneta
1895 418 1945 457 70

238 495 399 548 saepe
434 478 700 544 oberunt;
733 495 839 534 non
877 496 985 548 quo
1020 479 1210 533 violari
1246 495 1460 533 summa
1494 480 1658 534 deum
1695 479 1778 534 vis

238 555 427 626 possit,
462 560 527 610 ut
560 571 631 609 ex
666 555 749 609 ira
782 572 985 626 poenas
1020 565 1213 624 petere
1247 554 1460 610 inbibat
1493 556 1649 623 aeris,

238 631 339 686 sed
373 633 502 701 quia
536 634 660 686 tute
695 631 797 685 tibi
831 631 1048 701 placida
1080 648 1206 684 eum
1241 648 1377 701 paee
1411 632 1627 700 quietos

238 710 537 763 constitues
572 725 795 776 magnos
830 709 1035 762 irarum
1070 707 1289 762 volvere
1323 708 1537 776 fluetus,

236 801 337 840 nee
373 783 600 840 delubra
634 784 799 838 deum
833 784 1049 854 placido
1086 800 1211 838 eum
1245 787 1470 853 pectore
1503 783 1696 852 adibis,
1891 796 1941 837 75

236 878 336 916 nee
372 861 443 916 de
477 877 705 930 corpore
738 878 877 928 quae
914 864 1101 914 saneto
1138 860 1428 914 simulacra
1460 861 1715 916 feruntur

233 938 292 991 in
326 941 539 991 mentes
576 937 856 991 hominum
893 936 1107 990 divinae
1143 936 1334 990 nuntia
1366 937 1589 1002 formae,

236 1014 513 1084 suscipere
550 1014 682 1067 haee
718 1013 883 1066 animi
920 1014 1210 1082 tranquilla
1244 1030 1380 1082 pace
1417 1013 1634 1080 valebis

235 1089 365 1143 inde
400 1089 590 1142 videre
624 1090 754 1142 licet
790 1089 962 1158 qualis
996 1089 1105 1142 iam
1142 1089 1256 1143 vita
1291 1093 1564 1158 sequatur.

234 1182 399 1235 quam
434 1165 656 1234 quidem
691 1170 757 1218 ut
790 1183 823 1218 a
858 1165 1013 1219 nobis
1046 1166 1188 1220 ratio
1223 1166 1506 1220 verissima
1539 1166 1700 1234 longe
1887 1179 1938 1218 so

232 1242 439 1310 reiciat,
475 1259 803 1312 quamquam
840 1247 965 1296 sunt
998 1260 1031 1296 a
1066 1259 1156 1296 me
1191 1243 1363 1297 multa
1396 1243 1658 1312 profecta,

236 1318 408 1372 multa
440 1321 627 1373 tamen
660 1322 873 1373 restant
907 1322 966 1373 et
1000 1323 1131 1373 sunt
1165 1320 1407 1373 ornanda
1440 1319 1625 1388 politis

238 1393 510 1460 versibus3
546 1398 633 1449 est
668 1395 809 1450 ratio
845 1395 982 1449 caeli
1016 1396 1329 1463 speciesque
1365 1395 1620 1464 tenenda,

234 1474 363 1523 sunt
397 1473 755 1538 tempestates
790 1475 848 1526 et
881 1471 1109 1525 fulmina
1143 1471 1289 1526 clara
1323 1473 1579 1540 canenda,

233 1545 367 1613 quid
402 1546 604 1600 faciant
638 1551 696 1601 et
732 1564 839 1614 qua
873 1547 943 1600 de
978 1563 1141 1601 eausa
1175 1564 1406 1616 eumque
1441 1549 1715 1611 ferantur-3
1885 1562 1937 1600 8⁶

233 1638 301 1675 ne
337 1622 583 1690 trepides
618 1623 753 1676 caeli
789 1623 975 1676 divisis
1010 1623 1260 1692 partibus
1293 1641 1496 1691 amens,

232 1697 378 1750 unde
414 1698 600 1751 volans
635 1698 777 1766 ignis
811 1699 1121 1766 pervenerit
1156 1703 1254 1754 aut
1286 1701 1342 1753 in
1379 1705 1560 1754 utram
1597 1717 1656 1754 se

233 1774 465 1829 verterit
500 1774 625 1830 hine
659 1775 878 1845 partim,
916 1794 1023 1845 quo
1059 1782 1224 1846 paeto
1259 1794 1360 1846 per
1396 1778 1516 1831 loca
1551 1781 1746 1847 saepta

232 1850 531 1919 insinuarit,
566 1855 625 1905 et
658 1851 784 1905 hine
818 1852 1127 1907 dominatus
1156 1856 1226 1907 ut
1261 1854 1522 1908 extulerit
1557 1871 1634 1909 se.

170 1973 185 1992 ,
232 1950 436 1990 QUORUM
456 1952 653 1984 ommni
674 1952 855 1985 CAUSAS
873 1952 1037 1985 NULLA
1058 1953 1268 1985 RATIONE
1289 1952 1470 1985 VIDERI-2
1885 1954 1934 1993 m

291 2020 439 2053 SSUNT
458 2020 519 2053 Ac
540 2021 671 2053 FIERI
694 2021 865 2053 DIVINO
886 2021 1079 2053 Nonum:
1102 2022 1305 2055 RENTUR.

40 2088 102 2160 Q?
142 1988 196 2135 5³
231 2087 296 2135 tu
331 2083 464 2150 mihi
482 2080 485 2085 ’
501 2100 787 2173 supremae
822 2084 1160 2152 praescribta
1195 2084 1268 2138 ad
1301 2084 1536 2139 eandida
1569 2085 1732 2140 caleis

40 2140 179 2286 (A
232 2160 473 2213 currenti
509 2175 607 2228 spa
633 2176 745 2215 lum
781 2165 1174 2230 praemonstra,
1209 2160 1405 2215 callida
1439 2177 1596 2215 musa

40 2246 121 2357 J
154 2242 202 2309 ν
234 2222 490 2305 (Jalhope,
526 2237 746 2305 requies
782 2236 1061 2290 hominum
1098 2236 1391 2306 divomque
1425 2237 1692 2307 voluptaS,

86 2303 167 2395 ,μ’
232 2314 291 2365 te
326 2312 467 2366 duee
500 2316 566 2366 ut
600 2313 798 2381 insigni
834 2314 1046 2383 capiam
1082 2330 1206 2367 oum
1242 2313 1406 2367 laude
1441 2330 1708 2367 eoronam.
1884 2328 1934 2366 95

306 2389 577 2458 Principio
613 2390 821 2444 tonitru
856 2390 1177 2458 quatiuntur
1213 2391 1428 2445 caerula
1461 2390 1596 2444 caeli

230 2469 526 2534 prepterea
558 2468 686 2535 quia
721 2472 1049 2521 concurrunt
1084 2466 1316 2520 sublime
1349 2466 1594 2520 volantes

40 2517 89 2625 <
136 2602 151 2617 ⁶
205 2540 508 2669 ⁸§etheriae
540 2543 714 2597 nubes
750 2548 937 2598 eontra
971 2542 1324 2614 pugnantibu‘
1360 2542 1554 2597 ventis.

85 2651 126 2700 κ
271 2633 332 2670 ee
368 2618 434 2671 fit
469 2618 613 2672 enim
650 2621 857 2675 sonitus
891 2621 1025 2675 caeli
1063 2620 1135 2675 de
1167 2623 1328 2689 parte
1363 2635 1570 2684 serena,

52 2750 67 2773 ι
234 2710 420 2747 verum
445 2694 771 2764 ubicumque
794 2698 966 2766 magis
990 2698 1162 2752 denso
1187 2700 1314 2750 sunt
1336 2695 1550 2764 agmine
1573 2692 1760 2758 nubes,
1863 2705 1934 2745 100

40 2727 139 2844 μζ
232 2774 347 2824 tam
382 2773 555 2840 magis
590 2772 715 2825 hine
750 2790 947 2842 magno
982 2774 1238 2829 fremitus
1273 2773 1338 2825 fit
1372 2786 1652 2825 murmure
1686 2786 1863 2837 saepe.

230 2851 519 2915 praeterea
556 2868 734 2920 neque
769 2854 884 2904 tam
920 2853 1195 2907 condenso
1231 2866 1459 2920 corpore
1494 2845 1666 2901 nubes

228 2939 351 2977 esse
390 2932 598 2993 queunt
612 2927 796 2997 ‘quam
832 2932 961 2983 sunt
994 2929 1208 2999 lapides
1243 2946 1306 2983 ae
1339 2929 1508 2995 tigna,
1536 2939 1714 2992 neque
1745 2925 1932 2975 autem

231 3003 345 3051 tam
384 3004 577 3058 tenues
614 3022 776 3073 quam
813 3009 943 3058 sunt
978 3006 1208 3058 nebulae
1242 3004 1489 3072 fumique
1523 3000 1781 3054 volantes,

232 3088 357 3125 nam
392 3078 591 3135 eadere
626 3084 722 3133 aut
757 3080 922 3134 bruto
957 3079 1228 3133 deberent
1260 3078 1502 3147 pondere
1535 3090 1760 3147 pressae
1860 3087 1933 3127 10⁶

217 3148 295 3225 'ut
330 3148 554 3217 lapides,
592 3161 684 3205 nn*
724 3160 786 3207 nt
823 3157 1002 3207 fumus
1038 3159 1288 3208 constare
1325 3155 1615 3223 nequirent
