2259 3550
260 133 369 190 126
1063 131 1118 184 V

250 253 485 306 namque
520 237 601 292 ita
635 235 807 290 multa
842 231 1018 289 modis
1052 236 1240 288 multis
1275 236 1576 304 primordia
1609 251 1791 290 rerum

249 329 319 367 ex
352 312 565 366 infinito
598 311 706 364 iam
740 313 989 380 tempore
1024 310 1233 378 percita
1266 311 1442 379 plagis

246 386 687 458 ponderibusque
724 387 835 440 suis
870 390 1200 441 consuerunt
1235 388 1445 440 concita
1477 387 1608 442 ferri

250 463 681 533 omnimodisque
717 463 861 516 coire
897 466 1064 531 atque
1100 463 1281 516 omnia
1314 466 1704 532 pertemptare,
1884 478 1959 517 ιω

250 557 625 610 quaecumque
660 540 805 594 inter
840 556 899 593 se
932 543 1158 608 possent
1194 555 1483 607 congressa
1517 555 1719 607 creare,

249 620 314 670 ut
346 632 454 669 non
491 616 564 669 sit
598 617 796 668 mirum
832 615 878 668 si
913 615 969 668 in
1004 615 1131 668 talis
1168 615 1528 682 disposituras

252 691 575 746 deciderunt
609 708 823 760 quoque
859 695 918 745 et
952 692 1007 744 in
1043 691 1168 744 talis
1207 707 1402 744 venere
1436 695 1666 760 meatus,

250 767 501 836 qualibus
535 768 669 821 haee
705 783 889 820 rerum
925 767 1136 834 geritur
1174 783 1314 819 nune
1352 783 1563 820 summa
1598 768 1861 820 novando.

8 820 120 923 φ
322 843 479 908 Quod
504 845 556 897 εἰ
579 845 685 897 iam
710 859 896 897 rerum
918 843 1162 910 ignorem
1191 843 1488 911 primordia
1509 859 1650 910 quae
1675 843 1799 910 sint,
1889 857 1960 896 195

250 919 352 973 hoe
388 923 571 974 tamen
608 936 677 972 ex
712 919 844 987 ipsis
880 918 1014 972 caeli
1051 918 1352 972 rationibus
1388 919 1560 972 ausim

94 1014 168 1074 ψ.
186 1039 221 1083 V
250 995 573 1049 confirmare
608 995 835 1061 aliisque
874 1011 943 1048 ex
977 994 1145 1047 rebus
1181 994 1416 1048 reddere
1451 995 1654 1062 multiS,

22 1054 92 1138 Λ
250 1087 593 1140 nequaquam
631 1070 787 1125 nobis
823 1070 1084 1124 divinitus
1122 1087 1242 1123 esse
1278 1075 1524 1138 paratam

36 1075 179 1220 β
287 1151 499 1200 aturam
535 1149 745 1201 rerum:
784 1150 939 1200 tanta
975 1149 1087 1198 stat
1125 1147 1376 1215 praedita
1411 1148 1582 1216 eulpa.

58 1232 77 1256 s
248 1223 513 1291 principio
549 1227 811 1292 quantum
850 1223 981 1275 caeli
1022 1224 1162 1290 tegit
1197 1223 1432 1290 impetus
1466 1224 1670 1290 ingenS,
1885 1237 1958 1276 200

166 1327 226 1398 Ὅ
249 1299 377 1352 inde
413 1299 588 1352 avidei
624 1304 839 1367 partem
877 1304 1089 1350 montes
1125 1298 1397 1365 silvaeque
1433 1298 1671 1352 ferarum

248 1374 558 1443 possedere,
594 1378 785 1428 tenent
819 1390 982 1442 rupes
1019 1377 1314 1441 vastaeque
1350 1374 1576 1441 paludes

18 1407 158 1540 J
250 1454 309 1505 et
343 1467 493 1504 mare
530 1450 676 1518 quod
710 1451 821 1504 late
858 1455 1129 1503 terrarum
1167 1449 1394 1503 distinet
1429 1465 1566 1503 oras.

23 1524 108 1631 φ
249 1526 378 1579 inde
415 1525 551 1580 duas
586 1543 748 1593 porro
785 1542 953 1594 prope
988 1525 1162 1593 partis
1198 1525 1441 1578 fervidus⁴
1472 1525 1636 1578 ardor

125 1607 164 1671 ζ
248 1601 619 1670 adsiduusque
655 1601 764 1669 geli
800 1618 955 1655 casus
990 1600 1312 1654 mortalibus
1347 1601 1538 1654 aufert.
1645 1643 1650 1648 .
1881 1613 1955 1654 205

48 1684 110 1758 χι*
129 1728 147 1755 s
165 1662 193 1697 s
249 1678 397 1744 quod
436 1682 686 1745 superest
721 1677 847 1740 arvi,
884 1680 1067 1730 tamen
1104 1677 1163 1729 id
1198 1680 1394 1730 natura
1429 1691 1527 1730 sua
1559 1676 1613 1729 vi

115 1767 127 1784 ¹
251 1752 497 1807 sentibus
534 1751 785 1817 obducat,
820 1752 877 1805 ni
913 1753 993 1805 vis
1028 1751 1266 1805 humana
1300 1752 1523 1807 resistat

254 1829 380 1883 vitai
417 1845 581 1883 eausa
616 1828 798 1881 valido
834 1834 1093 1883 consueta
1129 1828 1340 1883 bidenti

251 1908 524 1975 ingemere
559 1908 617 1959 et
653 1907 859 1958 terram
894 1906 1096 1973 pressis
1132 1905 1484 1973 proscindere
1517 1908 1728 1960 aratris.

249 1982 437 2034 sinon
474 1980 735 2034 fecundas
772 1984 1051 2034 vertentes
1086 1996 1306 2034 vomere
1339 1981 1528 2047 glebas
1879 1994 1956 2035 210

249 2058 525 2124 terraique
562 2056 732 2109 solum
770 2056 1087 2123 subigentes
1122 2056 1294 2110 cimus
1329 2056 1401 2109 ad
1437 2061 1604 2124 ortuS,

248 2138 441 2202 sponte
476 2150 575 2187 sua
610 2138 883 2200 nequeant
920 2133 1153 2199 liquidas
1189 2134 1426 2187 existere
1460 2134 1514 2185 in
1552 2150 1727 2202 auras»,

246 2214 305 2264 et
340 2213 522 2265 tamen
561 2210 834 2263 interdum
872 2225 1068 2277 magno
1104 2210 1351 2276 quaesita
1385 2209 1570 2262 labore

246 2302 367 2339 eum
402 2286 511 2350 iam
546 2302 647 2353 per
680 2289 857 2338 terras
891 2285 1150 2338 frondent
1185 2288 1352 2353 atque
1387 2286 1568 2338 omnia
1601 2285 1813 2354 florent,

246 2366 341 2415 aut
376 2362 557 2414 nimiis
593 2364 767 2414 torret
804 2360 1103 2413 fervoribus
1141 2360 1416 2414 aetherius
1453 2360 1532 2414 sol
1740 2428 1745 2433 .
1877 2376 1952 2415 215

244 2441 341 2492 aut
376 2437 542 2491 subiti
578 2439 867 2505 peremunt
900 2436 1091 2489 imbris
1126 2435 1450 2505 gelidaeque
1485 2438 1729 2506 pruinae,

248 2513 523 2581 flabraque
560 2517 845 2566 ventorum
882 2512 1118 2565 violento
1155 2512 1374 2565 turbine
1409 2516 1623 2566 vexant.

246 2591 535 2657 praeterea
568 2604 741 2655 genus
775 2588 1100 2642 horriferum
1138 2591 1336 2641 natura
1372 2588 1610 2641 ferarum

246 2666 513 2717 humanae
548 2664 699 2730 genti
735 2664 989 2716 infestum
1024 2668 1282 2731 terraque
1317 2664 1558 2731 marique

114 2738 117 2741 ’
154 2768 185 2805 «ς
224 2754 343 2793 “cur
378 2740 474 2793 alit
508 2745 677 2807 atque
711 2741 909 2806 auget?
944 2756 1043 2793 eur
1076 2741 1203 2792 anni
1237 2744 1489 2810 tempora
1520 2741 1739 2795 morbos
1877 2754 1952 2795 220

247 2812 544 2885 adportant
556 2818 575 2869 ’ἱ
611 2830 779 2881 quare
816 2831 961 2867 mors
995 2815 1271 2868 inmatura
1307 2818 1569 2883 vagatur?

246 2895 367 2945 tum
401 2908 564 2961 porro
598 2907 751 2960 puer,
784 2894 848 2943 ut
884 2891 1058 2943 saevis
1091 2891 1366 2960 proiectus
1399 2892 1470 2945 ab
1502 2892 1664 2946 undis

245 2969 443 3033 navita,
480 2967 657 3020 nudus
692 2967 842 3020 humi
876 2966 1032 3032 iacet,
1066 2966 1258 3034 infans,
1293 2967 1509 3034 indigus
1543 2968 1688 3021 omni

246 3041 397 3095 vitali
434 3041 647 3109 auxilie,
682 3058 805 3096 eum
840 3042 1077 3111 primum
1112 3042 1168 3095 in
1202 3040 1420 3094 luminis
1453 3058 1576 3095 oras

247 3117 464 3170 nixibus
498 3134 567 3170 ex
602 3119 723 3171 alvo
758 3118 949 3171 matris
983 3120 1180 3170 natura
1213 3116 1473 3186 profudit,
1875 3134 1950 3174 π

247 3192 539 3260 vagituque
573 3192 753 3246 locum
787 3193 1003 3260 lugubri
1040 3192 1294 3261 complet,
1326 3194 1390 3243 ut
1424 3197 1670 3247 aecumst

122 2654 149 2681 ⁸
