2259 3550
1103 104 1248 162 IIII
1949 107 2024 166 89

322 222 499 277 quove
534 207 697 261 modo
732 207 1001 262 distracta
1036 207 1244 263 rediret
1279 208 1336 263 in
1371 209 1526 264 ordia
1559 210 1752 279 prima,

321 299 465 338 nunc
500 300 665 352 agere
698 278 954 354 incipiam
988 285 1105 352 tibi,
1145 285 1294 354 quod
1329 289 1612 341 vementer
1647 285 1720 340 ad
1753 286 1854 342 has
1887 303 1918 341 r

325 360 541 426 attinet,
578 376 701 414 esse
736 377 801 414 ea
836 377 977 428 quae
1012 357 1198 415 rerum
1233 361 1522 416 simulacra
1557 379 1849 428 vocamus3

324 453 479 505 quae,
515 437 671 504 quasi
703 437 1054 492 membranae
1090 454 1304 491 summo
1339 438 1411 492 de
1446 456 1674 509 corpore
1710 455 1893 492 rerum

326 511 607 580 dereptae,
641 511 873 566 volitant
908 514 1166 582 ultroque
1203 515 1452 583 citroque
1488 532 1590 585 per
1615 530 1791 580 auras,

324 591 490 657 atque
526 587 721 642 eadem
754 588 909 641 nobis
944 589 1297 678 vigilantibus
1335 589 1494 645 obvia
1527 595 1741 645 mentes

325 664 631 718 terrificant
664 668 831 734 atque
867 665 923 718 in
959 666 1174 731 somnis,
1212 681 1336 720 cum
1374 683 1538 735 saepe
1574 667 1776 734 figuras
1980 723 1995 743 ι

326 740 633 795 contuimur
668 741 835 794 miras
872 741 1268 810 simulacraque
1302 743 1421 796 luce
1457 746 1754 807 carentum,
1831 783 1868 803 „,
1983 734 2044 810 35'

326 833 465 884 quae
500 834 597 870 nos
631 816 884 872 horrifice
917 811 1236 885 languentis
1261 835 1426 888 saepe
1460 834 1654 888 sopore
1799 817 1840 900 J*
2119 833 2140 847 “

326 893 624 961 excierunt,
660 910 729 946 ne
766 893 909 948 forte
946 895 1152 948 animas
1191 896 1510 950 Acherunte
1543 909 1763 948 reamur
1800 901 1822 964 J
1876 866 1938 944 (ι.
2017 928 2027 946 «
2057 905 2096 947 —l

327 968 569 1037 effugere
602 975 699 1024 aut
736 971 959 1024 umbras
994 972 1139 1024 inter
1176 989 1258 1024 m
1261 989 1321 1025 os
1358 971 1586 1025 uolitare
2069 967 2083 978 ⁶

327 1061 463 1099 neve
497 1046 702 1114 aliquid
738 1047 911 1100 nostri
948 1053 1074 1116 post
1109 1052 1342 1102 mortem
1379 1064 1540 1119 posse
1575 1045 1824 1114 relinqui,

327 1137 452 1175 cum
486 1139 683 1192 corpus
721 1123 879 1176 simul
917 1133 1083 1192 atque
1118 1125 1284 1177 animi
1319 1129 1516 1178 natum
1550 1125 1838 1193 perempta.
1977 1133 2028 1172 40

254 1259 265 1266 ,
327 1197 385 1250 in
420 1215 517 1251 sua
551 1199 849 1267 discessum
886 1200 1144 1254 dederint
1179 1201 1478 1271 primordia
1512 1213 1773 1267 quaeque.

404 1271 535 1327 Dico
571 1274 737 1342 igitur
772 1291 957 1329 rerum
993 1275 1202 1344 effigias
1238 1277 1526 1345 tenuisque
1561 1275 1764 1342 figuras

328 1350 539 1404 mittier
574 1351 644 1404 ab
680 1352 842 1405 rebus
878 1369 1087 1406 summo
1124 1352 1196 1405 de
1231 1369 1458 1422 corpore
1493 1367 1692 1416 rerum,

259 1445 304 1477 ⁴3
328 1450 417 1482 SED
435 1449 656 1489 QUONIAM
680 1451 825 1482 Docm
846 1451 1142 1483 GUNOTARUM
1167 1451 1380 1482 nxonma
1403 1450 1570 1482 RERUM

328 1520 505 1558 QUALIA
528 1521 635 1554 SINT
657 1521 713 1552 ΕΤ
733 1521 873 1560 QUAM
895 1521 1059 1552 VARHS
1080 1520 1332 1552 DISTANHA
1355 1521 1528 1553 Fuluus
1984 1529 2032 1566 45

328 1589 503 1622 svo-Vm
524 1591 616 1624 SUA
638 1591 869 1624 vomvssm·
890 1592 1107 1624 ALTERNO
1130 1592 1326 1624 PEncrrA
1348 1591 1481 1625 HO‘I'U

328 1660 524 1699 QUOQUE
544 1662 673 1694 MODO
696 1663 850 1695 Possm·
870 1663 957 1695 RES
977 1663 1043 1695 Ex
1062 1663 1142 1695 ms
1162 1663 1390 1702 QUAEQUE
1413 1664 1594 1698 omum

330 1733 462 1768 NUNC
482 1735 642 1768 Aenus
662 1735 885 1768 melmun
904 1735 1005 1768 'nm
1024 1735 1154 1774 QUOD
1175 1735 1502 1770 vssafflmxnffl
1522 1739 1588 1770 AD
1612 1739 1704 1772 HAS
1726 1740 1811 1773 RES

260 1803 305 1837 80
330 1806 529 1839 ΛΠΙΝΕΊΓ
550 1807 657 1840 ESSE
682 1808 737 1839 uA
762 1808 893 1845 QUAE
914 1808 1083 1840 RERUM
1104 1806 1384 1841 SIMULACRA
1405 1809 1564 1842 vocAm
1574 1810 1630 1842 us

329 1886 469 1939 quae
504 1870 657 1938 quasi
691 1870 1041 1924 membranae
1074 1870 1160 1924 vel
1198 1874 1388 1925 cortex
1423 1872 1863 1942 norninimndast,
1982 1894 2030 1933 ω

330 1946 476 2015 quod
513 1946 749 2015 speciem
786 1962 849 1999 ac
882 1946 1113 1999 formam
1148 1947 1379 2000 similem
1413 1948 1556 2016 gerit
1591 1948 1708 2001 eius
1743 1950 1924 2020 imago

331 2023 713 2090 cuiuscumque
748 2022 895 2075 cluet
930 2020 1001 2075 de
1036 2039 1264 2091 corpore
1300 2023 1420 2076 susa
1456 2025 1655 2091 vagari.

261 2114 306 2146 ⁴4
331 2099 387 2152 id
423 2098 551 2152 licet
586 2097 711 2151 hinc
746 2098 993 2165 quamvis
1030 2097 1214 2151 hebeti
1255 2116 1580 2165 cognoscere
1617 2100 1796 2155 eorde.

260 2189 305 2221 οι
333 2174 598 2244 principio
633 2175 885 2241 quoniam
922 2174 1152 2227 mittunt
1187 2174 1244 2227 in
1280 2173 1444 2228 rebus
1479 2176 1684 2243 apertis

330 2267 559 2319 corpora
594 2266 681 2303 res
716 2250 935 2317 multae,
970 2248 1172 2318 partim
1209 2250 1403 2303 diffusa
1438 2251 1628 2318 solute,
1986 2270 2004 2291 ν

331 2326 529 2380 robora
562 2342 665 2380 ceu
699 2325 908 2379 fumum
944 2325 1174 2379 mittunt
1209 2326 1470 2393 ignesque
1507 2343 1778 2395 vaporem,
1833 2270 2186 2406 ffi-sswffif‘st

331 2407 388 2456 et
425 2403 623 2472 partim
661 2406 921 2456 contexta
956 2402 1129 2468 magis
1166 2402 1560 2471 condensaque,
1596 2406 1660 2456 ut
1695 2403 1822 2457 olim
1885 2413 2018 2477 (μω

331 2496 452 2533 cum
491 2480 684 2533 teretis
718 2482 929 2547 ponunt
963 2479 1178 2531 tunicas
1213 2481 1425 2531 aestate
1460 2478 1694 2546 cicadae,

330 2559 390 2609 et
424 2555 581 2610 vituli
618 2572 741 2609 eum
777 2554 1120 2607 membranas
1157 2553 1230 2607 de
1265 2569 1490 2622 corpore
1524 2570 1734 2608 summo

328 2634 615 2685 nascentes
649 2633 892 2697 mittunt,
929 2634 988 2684 et
1022 2630 1158 2683 item
1194 2646 1316 2682 cum
1353 2628 1558 2684 lubrica
1593 2646 1818 2701 serpens
1979 2647 2030 2685 oo

331 2708 485 2761 exuit
519 2707 575 2759 in
611 2706 781 2776 spinis
816 2709 1053 2772 vestem3
1088 2722 1214 2759 nam
1257 2722 1419 2773 saepe
1454 2705 1702 2761 videmus

331 2782 545 2837 illorum
584 2784 768 2853 spoliis
802 2798 997 2855 Qres
1032 2782 1386 2835 volitantibus
1421 2787 1623 2837 auctae.

330 2874 471 2927 quae
507 2860 759 2927 quoniam
794 2858 950 2923 fiunt,
986 2858 1167 2911 tenuis
1201 2874 1416 2926 quoque
1452 2857 1620 2912 debet
1654 2859 1836 2925 imago

330 2934 401 2988 ab
436 2935 601 2989 rebus
638 2934 782 2988 mitti
819 2950 1028 2986 summo
1064 2934 1136 2986 de
1171 2949 1400 3001 corpore
1436 2948 1633 2987 rerum.

330 3026 456 3064 nam
493 3028 593 3065 cur
626 3011 719 3063 illa
755 3009 955 3063 cadant
992 3009 1164 3076 magis
1199 3010 1272 3063 ab
1304 3009 1578 3077 rebusque
1613 3008 1872 3063 recedant
1982 3026 2030 3065 65

331 3104 495 3155 quam
532 3104 673 3155 quae
710 3084 895 3140 tenvia
929 3092 1072 3153 sunt,
1108 3084 1407 3139 hiscendist
1441 3084 1590 3138 nulla
1621 3088 1898 3153 potestas;

330 3163 652 3232 praesertim
689 3178 811 3217 cum
850 3161 961 3214 sint
994 3160 1049 3213 in
1087 3161 1312 3215 summis
1349 3176 1578 3230 corpora
1609 3159 1777 3215 rebus

1954 2462 2053 2515 ιν
2037 2436 2170 2497 '2'
