2259 3550
1031 143 1147 198 xxii

139 291 148 298 ·
233 275 592 332 ‘scribendmn
619 273 1229 334 ·iholma..,Moemzm‘.
1262 277 1492 351 ’προπίω
1530 294 1601 332 ex
1636 277 1827 336 vicinis
1860 278 1949 333 in·

238 362 408 429 clusa,
437 361 588 428 haec,
620 361 864 428 perfusa
899 364 1081 415 ortum
1105 359 1345 415 videtur.
1379 361 1457 416 sic
1487 376 1535 415 11
1566 368 1669 418 458
1698 381 1800 432 pro
1832 381 1946 418 om-

238 448 394 503 nibu’
437 447 562 501 libri
602 461 800 512 OMNIA,
830 449 890 500 et
921 461 968 499 11
1003 452 1104 501 919
1136 461 1486 504 muamus
1516 465 1618 517 pro
1657 449 1944 504 animalia

237 534 357 588 sint
381 535 602 588 habent.

341 625 403 673 91
467 618 771 672 rectissime
796 615 1094 670 Lambinus
1115 621 1245 688 post
1267 631 1543 672 »ΠΕ-σθω
1566 617 1786 674 addidit
1808 636 1850 674 e.
1874 626 1941 676 92

234 704 384 760 idem
399 705 746 759 intrinsecus
759 719 861 773 pro
886 719 1277 760 nxrmmsncus
1302 707 1495 760 contra
1515 705 1574 758 in
1597 721 1658 760 vl
1685 711 1816 761 1099
1841 723 1941 775 pro

233 791 580 846 atr-insecus
615 790 881 858 oblongus
919 805 1301 846 mammone.
1346 796 1415 846 94
1451 791 1755 859 quadratus
1790 796 1942 846 recte

231 889 459 944 coonm,
483 875 586 930 hoc
609 878 698 930 est
725 880 956 929 coortae.
993 873 1261 942 oblongus
1290 881 1487 929 coorta.
1561 874 1941 930 Lachmannus

233 967 296 1017 91
326 962 540 1029 dqffusa
561 979 606 1032 e,
632 967 698 1017 92
722 959 1058 1016 extrimecu'
1085 965 1239 1028 torte,
1276 965 1345 1014 94
1368 967 1569 1015 coorta.

335 1054 431 1102 101
482 1064 584 1118 pro
609 1063 684 1104 nx
715 1059 1052 1101 mmnmms
1077 1045 1271 1114 scripsi
1294 1045 1551 1113 Raima,
1571 1047 1939 1116 imaqinibue.

231 1133 356 1186 ima
378 1132 583 1187 iterare
605 1129 850 1199 neglexit
872 1128 1139 1183 librarius.
1214 1128 1592 1184 Lachmannus
1612 1131 1825 1190 ,Excita
1849 1132 1887 1186 i.

339 1223 437 1272 104
505 1232 606 1286 pro
649 1217 967 1269 ronMAR'UM
1010 1229 1438 1276 mssmunsqnn
1481 1216 1676 1286 scripsi
1700 1219 1938 1284 formae

230 1319 431 1358 rerum
467 1303 798 1371 similesque.
861 1302 928 1356 cf.
967 1319 1088 1356 ann.
1117 1301 1248 1371 phil.
1278 1301 1435 1356 Cant.
1472 1316 1495 1354 1
1533 1320 1583 1372 p.
1610 1309 1693 1358 43.
1728 1303 1938 1358 scilicet

226 1387 480 1442 librarius
526 1387 582 1440 in
627 1387 851 1441 vocibus
869 1388 1309 1453 sormaererum
1366 1386 1583 1442 litteras
1640 1404 1707 1442 er
1765 1388 1933 1442 semel

230 1473 460 1541 scripsit.
486 1472 702 1540 deindo,
727 1475 794 1526 ut
825 1489 1044 1526 versum
1077 1471 1343 1541 expleret,
1367 1472 1558 1542 inepte
1590 1490 1693 1542 pro
1719 1474 1935 1529 similes

227 1556 388 1616 dedit
411 1556 728 1611 dissimile-9.
746 1555 896 1610 idem
919 1559 1050 1610 ante
1074 1572 1178 1625 me,
1200 1559 1266 1610 ut
1288 1572 1465 1624 nuper
1498 1555 1682 1625 didici,
1704 1557 1937 1612 coniecit

230 1644 304 1699 H.
330 1644 688 1699 Purmannus.
756 1643 921 1696 Lach.
939 1645 1287 1708 formarum
1310 1642 1427 1696 iuis
1448 1643 1774 1710 similesque.

333 1731 466 1785 Post
492 1735 590 1784 126
615 1728 884 1784 excidisse
915 1743 1106 1782 versus
1129 1733 1197 1782 25
1231 1730 1292 1782 ct
1319 1743 1487 1781 unum
1521 1726 1741 1782 titulum
1772 1727 1933 1785 docet

227 1815 620 1882 Lachmannus‚
649 1813 706 1867 in
730 1830 960 1882 quorum
985 1829 1213 1867 numero
1243 1813 1477 1867 affirmat
1499 1812 1599 1867 hos
1622 1814 1805 1881 fuisse,
1830 1815 1935 1882 qui

214 1899 474 1964 fulmine
499 1899 656 1953 claro
696 1898 912 1953 Omnia
940 1914 1060 1967 per-
1079 1898 1301 1952 sonitus
1329 1906 1497 1965 arcet,
1522 1906 1741 1955 terram
1769 1917 1933 1956 mare

225 1987 457 2054 caelum,
482 1986 578 2055 qui
600 1985 732 2039 mihi
754 2000 826 2039 ne
847 1983 1165 2037 Lucretiani
1188 1983 1411 2052 quidem
1436 2001 1557 2040 esse
1578 1985 1849 2041 videntur.

335 2076 430 2130 147
465 2075 522 2126 et
558 2077 657 2125 152
684 2088 786 2141 pro
825 2070 1167 2139 ineptissimo
1203 2084 1422 2124 vnerM
1458 2072 1761 2127 necessario
1804 2072 1933 2127 scri-

227 2158 474 2213 bendum
529 2175 655 2213 cum
711 2156 830 2211 viro
878 2156 1117 2224 quodam
1160 2155 1323 2210 docto
1380 2155 1789 2225 Oppenriedero
1848 2158 1932 2213 vi-

225 2252 399 2300 trum.
436 2244 502 2299 cf.
527 2249 643 2299 602.

331 2334 428 2390 167
501 2344 604 2385 mis
634 2344 716 2383 1131
753 2328 1102 2385 scribendum
1131 2345 1258 2383 cum
1291 2327 1527 2410 oblongo
1568 2333 1629 2385 et
1671 2331 1831 2385 Italis
1872 2334 1933 2385 ct

223 2418 461 2487 antiquis
508 2416 828 2472 editoribus.
915 2417 1297 2488 Lachmannus
1354 2433 1445 2471 res
1492 2417 1602 2472 sibi
1648 2434 1773 2471 cum
1815 2416 1931 2471 solo

225 2504 507 2573 quadrato.
571 2521 662 2560 res
683 2504 787 2567 hic,
810 2508 878 2560 ut
900 2511 1018 2572 235,
1043 2505 1195 2574 ipsae
1221 2508 1349 2559 sunt
1370 2505 1648 2573 imagines.

328 2592 428 2646 179
497 2605 605 2643 non
629 2594 782 2645 recte
804 2589 1032 2643 collocat
1056 2589 1437 2643 Lachmannus
1461 2593 1589 2659 post
1616 2593 1730 2656 175,
1744 2593 1805 2645 ot
1827 2606 1931 2660 pro

223 2690 430 2731 rmum·
451 2675 643 2729 scribit
667 2676 870 2729 tendat.
909 2674 1193 2743 aptissime
1218 2691 1316 2727 suo
1338 2674 1457 2728 Ioco
1481 2676 1683 2743 legitur
1707 2692 1897 2731 versus
1920 2697 1932 2739 ς

223 2768 469 2819 ceterum
495 2763 841 2817 scribendum
866 2779 990 2817 cum
1021 2761 1282 2815 hambino
1308 2763 1561 2817 tendunt.

331 2856 446 2917 189,
502 2849 595 2918 qui
631 2849 688 2902 in
723 2848 878 2903 libris
912 2853 1036 2917 post
1073 2854 1174 2902 203
1215 2847 1435 2915 legitur,
1473 2865 1597 2903 cum
1634 2848 1931 2916 Bcrnaysio

222 2935 330 2989 huc
351 2934 624 2988 transtuli.
662 2950 764 3003 pro
789 2948 1013 2987 CAELUM
1041 2933 1418 2987 Lachmannus
1442 2934 1677 2987 circum.

329 3025 444 3073 213.
520 3018 899 3073 Lachmannus
923 3020 1138 3089 pariter
1172 3018 1261 3073 hic
1296 3023 1463 3087 atquc
1493 3019 1550 3071 in
1572 3034 1594 3071 1
1623 3023 1758 3072 1060
1790 3022 1849 3072 et
1872 3033 1930 3071 lv

212 3088 328 3159 '418
358 3120 476 3159 rem
515 3104 586 3157 de
618 3119 728 3171 qua
764 3102 946 3170 agitur
980 3119 1088 3157 uon
1115 3102 1279 3171 capit.
1312 3102 1556 3171 loquitur
1586 3102 1733 3156 enim
1766 3106 1931 3172 pocta

223 3191 296 3247 de
318 3190 454 3245 falso
476 3189 680 3245 mundo
701 3204 862 3259 quem
889 3188 992 3243 sub
1013 3206 1156 3258 aqua
1176 3190 1460 3243 cernimus.
