2259 3550
1175 109 1232 164 V
1947 115 2056 171 143

356 219 485 267 sunt
520 218 579 267 ct
614 213 769 282 larga
802 228 901 268 suo
936 215 1053 268 sine
1088 213 1290 283 pabula
1323 219 1484 284 parta
1518 215 1721 284 labore,

352 305 495 359 quae
530 290 723 344 damus
756 290 1009 344 utilitatis
1044 306 1234 344 eorum
1269 293 1514 360 praemia
1547 309 1724 346 causa.

351 369 411 420 at
444 366 567 434 quis
602 366 677 420 nil
712 366 905 419 horum
940 366 1142 420 tribuit
1177 369 1387 434 natura,
1422 385 1522 421 nec
1557 369 1678 436 ipsa

354 445 549 512 sponte
584 459 685 496 sua
719 446 944 512 possent
978 446 1043 496 ut
1077 443 1265 497 vivere
1300 459 1400 496 nec
1437 442 1569 496 dare
1607 443 1765 498 nobis
1813 361 2124 519 SM

350 517 647 572 utilitatem
684 517 917 587 aliquam
954 534 1125 587 quare
1161 521 1478 588 pateremur
1513 535 1702 573 eorum
1821 481 2062 616 aqu*
2143 463 2198 580 ἴ

350 594 623 663 praesidio
657 598 844 648 nostro
878 594 1030 664 pasci
1065 611 1239 662 genus
1273 611 1500 663 esseque
1537 598 1735 663 tutum,

350 669 557 725 scilicet
590 671 725 724 haec
759 671 880 724 aliis
914 670 1156 740 praedae
1190 671 1448 739 lucroque
1481 671 1734 725 iacebant
1779 667 1838 721 ζ
1913 680 1919 688 ’
1969 649 2062 745 ’.875

348 743 670 815 indupedita
706 747 816 800 suis
849 746 1107 800 fatalibus
1144 747 1324 800 omnia
1357 746 1564 814 vincli3,

233 875 250 900 ι
350 820 523 876 donec
559 822 631 876 ad
664 822 950 876 interitum
984 839 1158 890 genus
1193 823 1252 876 id
1283 825 1482 876 natura
1515 821 1744 891 redegit.

421 897 533 952 Sed
568 915 747 966 neque
784 899 1043 952 Centauri
1076 899 1316 965 fuerunt,
1353 915 1454 953 nec
1489 902 1738 968 tempore
1773 897 1830 953 in
1863 897 1976 953 ullo

349 989 469 1028 0880
505 977 717 1042 queunt
753 973 958 1044 duplici
993 979 1191 1030 natura
1226 977 1284 1028 et
1319 991 1548 1044 corpore
1582 975 1710 1028 bino
1821 979 1974 1035 ‘unt

348 1065 417 1104 ex
452 1049 765 1118 alienigenis
800 1050 1059 1104 membris
1094 1054 1392 1119 compacta,
1428 1054 1677 1120 potestas

347 1123 475 1179 hinc
509 1126 657 1180 illinc
692 1126 879 1192 visque
913 1129 978 1180 ut
1010 1143 1118 1180 non
1155 1132 1242 1181 sat
1276 1144 1378 1196 par
1412 1144 1534 1182 esse
1568 1019 2207 1237 potissitffipuu'ffls.

346 1201 406 1254 11
439 1201 569 1256 licet
603 1202 727 1256 hinc
763 1207 1009 1271 quamvis
1046 1203 1233 1257 hebeti
1269 1219 1594 1271 cognoscere
1627 1203 1808 1258 corde.

346 1277 615 1348 principio
650 1279 855 1332 circum
891 1278 1070 1332 tribus
1106 1279 1244 1332 actis
1279 1279 1510 1348 impiger
1544 1279 1701 1332 annis
1949 1237 2230 1416 ’,ω-*ξς

348 1353 507 1408 floret
541 1371 684 1422 00118,
719 1371 859 1424 puer
892 1354 1325 1423 hautquaquam·
1314 1397 1328 1419 ‚
1361 1371 1488 1407 nam
1525 1371 1688 1424 saepe
1723 1351 1890 1408 etiam
1912 1369 2055 1409 nunc

346 1429 521 1483 ubera
553 1445 912 1484 mammarum
948 1430 1005 1482 in
1041 1430 1242 1484 somnis
1277 1429 1538 1484 lactantia
1573 1433 1813 1500 quaeret.
1979 1445 2056 1484 885

346 1510 476 1574 post
509 1505 603 1560 ubi
639 1522 796 1560 ecum
832 1506 1044 1560 validae
1080 1506 1224 1560 vires
1259 1510 1443 1561 aetate
1480 1509 1702 1560 senecta

346 1582 699 1651 membraque
735 1582 997 1636 deficiunt
1030 1582 1264 1650 fugienti
1297 1581 1558 1651 languida
1590 1583 1720 1650 vita,

349 1660 466 1710 tum
508 1659 727 1711 demum
764 1675 935 1729 puero
970 1658 1062 1712 olli
1097 1675 1231 1712 aevo
1265 1659 1495 1714 florente
1530 1659 1780 1713 iuventas

346 1733 547 1804 occipit
582 1738 641 1789 et
676 1735 825 1789 molli
860 1736 1027 1791 vestit
1064 1736 1315 1805 lanugine
1350 1736 1534 1790 malas.

347 1826 417 1864 ne
452 1811 595 1866 forte
632 1829 701 1866 ex
738 1813 955 1867 homine
990 1818 1049 1869 et
1084 1813 1330 1867 veterino
1367 1814 1572 1867 semine
1607 1829 1870 1880 equorum
1981 1830 2052 1867 sao

344 1887 565 1940 confieri
600 1888 793 1941 credas
830 1890 1132 1943 Centauros
1167 1905 1330 1957 posse
1361 1905 1540 1957 neque
1576 1905 1710 1956 esse,

342 1967 441 2016 aut
474 1963 680 2016 rabidis
716 1963 939 2017 canibus
976 1964 1279 2018 succinctas
1315 1964 1673 2017 semimarinis

343 2038 661 2107 corporibus
699 2039 903 2107 Scyllas
938 2044 998 2093 et
1033 2043 1220 2094 cetera
1254 2039 1326 2092 de
1361 2055 1565 2107 genere
1599 2039 1808 2106 horum,

340 2114 488 2167 inter
524 2130 583 2167 80
619 2131 849 2183 quorum
886 2114 1160 2169 discordia
1195 2114 1440 2168 membra
1475 2113 1751 2181 videmus3

344 2206 485 2259 quae
519 2206 697 2259 neque
732 2190 1026 2245 florescunt
1061 2190 1270 2260 pariter
1303 2206 1404 2243 nec
1439 2188 1636 2243 robora
1671 2192 1894 2246 sumunt
1979 2206 2052 2245 881.

342 2264 660 2335 corporibus
694 2284 871 2335 neque
906 2267 1180 2336 proicilmt
1213 2268 1400 2319 aetate
1434 2269 1658 2319 senecta.

342 2356 443 2395 nec
479 2341 639 2394 simili
677 2342 896 2396 Venere
931 2342 1228 2397 ardescunt
1261 2358 1362 2395 nec
1398 2341 1642 2396 moribus
1673 2342 1798 2396 unis

341 2416 682 2483 conveniunt,
720 2434 897 2487 neque
934 2420 1061 2471 sunt
1098 2418 1292 2471 eadem
1325 2417 1562 2482 iucunda
1595 2434 1698 2486 per
1729 2420 1898 2472 artus.

340 2493 546 2563 quippe
581 2494 773 2548 videre
806 2495 938 2549 licet
971 2495 1330 2564 pinguescere
1365 2509 1528 2562 saepe
1562 2494 1772 2547 cicutae

340 2568 657 2637 barbigeras
680 2571 935 2639 pecudes,
959 2570 1162 2624 homini
1185 2586 1326 2639 quae
1351 2572 1437 2623 est
1460 2585 1587 2623 acre
1609 2585 1890 2623 venenum.
1979 2582 2050 2623 9⁰0

340 2643 559 2698 flamma
594 2646 817 2714 quidem
832 2700 837 2705 ,
853 2662 983 2701 vero
1017 2663 1140 2700 cum
1177 2660 1406 2716 corpora
1441 2645 1590 2700 fulva
1624 2645 1842 2699 leonum

238 2732 246 2741 ·
339 2722 456 2774 tam
492 2720 665 2775 soleat
699 2726 913 2777 torrere
946 2725 1113 2791 atque
1150 2739 1312 2777 urere
1346 2738 1510 2792 quam
1543 2738 1716 2789 genus
1750 2734 1913 2775 omne

338 2796 561 2851 visceris
594 2796 653 2851 in
686 2799 851 2853 terris
886 2799 1268 2869 quodcumque
1301 2802 1360 2853 et
1393 2797 1670 2865 sanguinis
1703 2799 1872 2863 extet,

341 2873 435 2939 qui
469 2872 590 2927 fieri
624 2875 821 2943 potuit,
856 2876 1060 2943 triplici
1095 2892 1221 2928 cum
1256 2891 1485 2944 corpore
1518 2877 1583 2927 ut
1615 2890 1739 2941 una,

340 2949 518 3017 prima
551 2950 653 3017 le0‚
690 2955 969 3020 postrema
1004 2951 1187 3019 draco,
1222 2950 1402 3005 media
1434 2951 1569 3019 ipsa,
1607 2948 1894 3004 Chimaera
1975 2958 2048 3003 905

340 3040 434 3078 ore
468 3025 613 3079 foras
648 3043 831 3080 aerem
868 3027 1027 3081 flaret
1062 3026 1134 3081 de
1169 3042 1400 3097 corpore
1434 3027 1746 3082 flammam?

340 3116 512 3168 quare
547 3102 713 3156 etiam
747 3103 946 3157 tellure
979 3118 1121 3158 nova
1155 3102 1416 3171 caeloque
1448 3101 1658 3155 recenti

343 3175 476 3230 talia
510 3178 605 3245 qui
639 3178 801 3245 fingit
834 3180 1077 3249 potuisse
1112 3178 1368 3233 animalia
1400 3178 1564 3247 gigni,
