2259 3550
110 960 175 991 44⁰

110 1415 173 1447 ⁴:17

212 87 323 145 132
1036 85 1100 139 V

204 193 495 258 propterea
531 188 596 243 fit
629 187 712 241 uti
748 204 1005 255 mag-num
1040 187 1259 254 volgata
1292 202 1395 256 per
1427 203 1618 240 aevom

204 281 364 317 omne
397 279 570 331 genus
604 267 795 318 coetus
831 273 889 315 e:
924 266 1107 316 motus
1143 261 1486 331 expo-,undo

206 339 430 394 tandem
466 339 789 392 conveniant
824 355 891 392 ea
926 354 1065 405 quae
1100 342 1362 392 convecta
1396 343 1628 408 repente

204 431 525 484 magnarum
561 431 745 468 rerum
779 415 919 467 fiunt
952 414 1178 468 exordia
1215 431 1393 484 saepe,
1837 428 1912 468 4¹³⁰

204 492 373 546 terrai
410 491 575 544 maris
609 493 668 544 et
700 490 837 546 caeli
874 490 1202 558 generisque
1236 492 1594 547 animantum·

278 569 386 622 Ilic
420 584 598 636 neque
633 570 754 620 tum
790 567 919 619 solis
954 571 1079 620 rota
1112 567 1263 620 cerni
1299 567 1502 622 lumine
1537 569 1692 636 largo

202 645 492 698 altivolans
526 647 748 712 poterat
785 660 884 696 nec
920 643 1103 710 magni
1143 643 1325 698 sidera
1359 645 1551 699 mundi

204 737 304 774 nec
338 735 491 774 mare
527 735 627 773 nec
664 720 871 774 caelum
909 736 1008 772 nec
1048 718 1286 787 denique
1321 723 1472 774 terra
1505 738 1686 790 neque
1719 737 1816 778 aer

204 813 304 850 nec
340 796 533 850 similis
568 795 772 850 nostris
808 795 975 849 rebus
1010 811 1103 848 res
1137 795 1250 848 ulla
1286 796 1477 864 videri,
1839 812 1910 851 435

204 872 302 926 sed
338 889 476 925 nova
510 875 813 940 tempestas
848 871 1119 940 quaedam
1158 872 1438 942 molesque
1473 877 1662 928 coorta

204 964 363 1002 omne
398 964 572 1016 genus
608 948 679 1000 de
714 948 1007 1016 principiiS‚
1048 947 1322 1001 discordia
1357 967 1590 1018 quorum

202 1024 489 1078 intervalla
525 1024 639 1076 vias
676 1041 913 1078 conexus
951 1024 1198 1091 pondera
1233 1026 1423 1094 plagas

203 1115 493 1154 concursus
530 1104 711 1152 motus
746 1099 1009 1153 turbabat
1043 1101 1252 1168 proelia
1285 1102 1532 1170 miscens,

200 1180 430 1244 propter
464 1174 739 1228 dissimilis
775 1174 976 1229 formas
1011 1177 1300 1245 variasque
1335 1177 1538 1245 figuras
1837 1192 1912 1230 440

203 1252 355 1320 quod
388 1268 494 1305 non
532 1251 716 1304 omnia
750 1251 827 1305 sic
863 1254 1121 1320 poterant
1157 1253 1445 1308 coniuncta
1478 1270 1701 1308 manere

203 1345 305 1381 nec
340 1332 520 1382 motus
555 1328 701 1381 inter
738 1343 857 1382 sese
893 1328 1028 1380 dare
1063 1329 1446 1383 convenientis.

205 1403 471 1470 diffugere
506 1402 634 1457 inde
670 1403 773 1456 loci
809 1407 996 1471 partes
1034 1419 1264 1472 coepere
1299 1421 1570 1474 paresque

203 1496 323 1532 cum
362 1479 584 1547 paribus
620 1479 770 1547 iungi
808 1497 897 1532 res
932 1483 991 1533 et
1028 1479 1337 1534 discludere
1375 1481 1640 1535 mundum

204 1555 557 1623 membraque
594 1555 841 1608 dividere
878 1559 937 1610 et
973 1572 1200 1623 magnas
1238 1556 1527 1626 disponere
1561 1561 1761 1626 partes,
1833 1573 1908 1612 4¹6

203 1631 303 1684 hoc
340 1634 439 1697 est,
476 1647 509 1684 a
546 1631 707 1685 terris
742 1631 915 1684 altum
953 1648 1238 1686 secernere
1275 1633 1500 1698 caelum,

203 1709 261 1759 ct
297 1722 505 1759 sorsum
542 1722 693 1760 mare
726 1707 811 1760 uti
848 1711 1059 1760 secreto
1094 1723 1286 1762 umore
1321 1712 1553 1777 pateret,

204 1798 418 1836 seorsus
454 1783 584 1836 item
624 1783 745 1851 puri
784 1784 1090 1852 secretique
1122 1785 1362 1838 aetheris
1399 1786 1566 1853 ignes,

274 1858 488 1928 Quippe
524 1860 725 1913 etenim
760 1860 997 1927 primum
1034 1862 1202 1914 terrai
1238 1877 1463 1928 corpora
1499 1879 1765 1931 quaeque,

202 1939 495 2004 propterea
529 1935 678 2004 quod
716 1939 875 1989 erant
908 1937 1097 2003 gravia
1132 1941 1193 1989 et
1225 1937 1504 2005 perplexa,
1543 1937 1758 1993 coibant
1833 1953 1906 1992 450

200 2011 257 2064 in
294 2010 476 2065 medio
514 2016 683 2081 atque
718 2013 855 2065 inias
892 2011 1182 2081 capiebant
1218 2013 1398 2067 omnia
1435 2014 1624 2078 sedes;

201 2104 341 2156 quae
378 2092 581 2155 quanto
617 2089 790 2155 magis
825 2090 971 2141 inter
1008 2106 1067 2141 se
1100 2088 1364 2157 perplexa
1397 2089 1632 2158 coibant,

201 2168 315 2217 tam
352 2164 525 2231 magis
560 2180 881 2233 expressere
918 2182 982 2217 ea.
1018 2182 1161 2233 quae
1197 2182 1349 2219 mare
1385 2165 1568 2219 sidera
1603 2166 1773 2219 solem

199 2240 493 2309 lunamque
528 2240 805 2294 efficerent
841 2247 899 2293 et
934 2240 1114 2307 magni
1153 2241 1365 2295 moenia
1399 2241 1604 2295 mundi.

200 2316 380 2369 omnia
415 2317 559 2369 enini
595 2316 768 2384 magis
804 2317 939 2371 haec
974 2334 1007 2371 e
1042 2316 1252 2371 levibus
1287 2320 1454 2385 atque
1489 2317 1746 2371 rutundis
1831 2318 1933 2371 455⁴

202 2392 499 2447 seminibus
534 2392 817 2461 multoque
853 2392 1142 2449 minoribu’
1181 2397 1310 2447 sunt
1345 2393 1633 2447 elementis

204 2485 369 2536 quam
404 2468 580 2523 tellus.
618 2469 759 2538 ideo,
794 2486 895 2538 per
929 2486 1055 2523 rara
1088 2470 1366 2535 foramina,
1401 2474 1584 2524 terrae

202 2545 453 2612 partibus
488 2561 778 2612 erumpens
813 2546 1023 2614 primus
1058 2562 1118 2600 se
1155 2546 1374 2599 sustulit
1408 2546 1602 2600 aether

204 2621 398 2675 issuifer
434 2624 492 2673 et
530 2621 730 2674 multos
767 2638 949 2676 secum
984 2622 1120 2676 levis
1157 2622 1385 2675 abstulit
1419 2623 1573 2689 ignia,

204 2715 309 2751 non
348 2697 453 2749 alia
486 2697 646 2765 longe
683 2698 896 2752 ratione
932 2714 995 2751 ac
1032 2714 1196 2766 saepe
1233 2698 1492 2763 videinuS,
1833 2710 1905 2751 460

204 2790 370 2828 aurea
406 2790 529 2827 cum
564 2773 799 2841 primum
837 2774 1165 2841 gemmantis
1200 2790 1323 2827 rore
1361 2790 1462 2842 per
1497 2773 1696 2827 herbas

204 2850 473 2903 matutina
506 2849 707 2903 rubent
742 2850 940 2903 radiati
974 2848 1181 2903 lumina
1217 2849 1344 2903 solis

205 2926 571 2993 exhalantque
606 2925 756 2979 lacus
791 2925 1045 2980 nebulam
1081 2926 1340 2993 fluviique
1375 2941 1656 2993 perennes,

204 3002 431 3068 ipsaque
466 3005 531 3054 ut
564 3002 844 3056 interdum
880 3002 1046 3055 tellus
1080 3002 1293 3053 fumare
1327 3000 1576 3065 videtur;

204 3077 383 3129 omnia
420 3093 561 3144 quae
598 3094 813 3131 sursum
849 3094 972 3130 cum
1008 3076 1378 3143 conciliantur,
1411 3076 1470 3129 in
1504 3076 1616 3129 alto
1836 3088 1909 3128 466

202 3168 427 3219 corpore
463 3157 713 3206 concreto
751 3152 1053 3247 sub‘tcxunt
1088 3151 1276 3204 nubila
1309 3151 1532 3205 caelum.
