2259 3550
312 219 382 258 ne
420 203 519 257 tibi
558 203 629 256 sit
666 201 810 255 frudi
845 202 991 270 quod
1028 217 1136 252 nos·
1163 200 1374 254 inferne
1411 201 1658 255 videmus

308 296 474 347 quam
499 278 609 333 sint
631 278 745 331 lata
769 276 941 344 magis
964 293 1125 344 quam
1155 292 1368 328 sursum
1389 279 1642 330 extructa
1657 275 1792 346 quid
1812 279 2018 330 extent.

308 353 707 423 contemplator
740 352 903 420 enim,
937 367 1061 406 cum
1097 349 1378 405 montibus
1415 351 1744 407 adsimulata

308 431 498 484 nubila
531 428 832 499 portabunt
869 430 1019 482 venti
1054 432 1370 482 transversa
1404 445 1506 498 pcr
1540 447 1718 494 auras,
1949 445 2019 482 190

307 511 406 561 aut
439 506 535 560 ubi
571 523 673 576 per
708 521 931 573 magnos
966 505 1170 558 montis
1208 504 1486 559 cumulata
1519 505 1732 559 videbis

306 582 533 653 insuper
568 599 689 636 esse
724 581 843 634 aliis
876 581 985 634 alia
1020 583 1188 648 atque
1226 597 1461 649 urguere
1495 597 1732 650 superne

307 659 365 711 in
402 659 638 713 statione
673 659 851 711 locata
888 656 1117 725 sepultis
1157 657 1400 723 undique
1435 659 1626 712 ventis.

308 740 429 788 tum
463 735 671 804 poteris
707 750 931 801 magnas
968 733 1140 786 moles
1179 749 1506 800 cognoscere
1541 749 1730 787 eorum

309 812 703 881 speluncasque
738 811 887 863 velut
924 810 1070 864 saxis
1106 810 1457 879 pendentibu’
1495 813 1734 866 structas
1951 825 2020 864 195

309 903 547 955 cernere,
584 904 719 956 quas
754 888 901 940 venti
937 903 1062 940 cum
1106 889 1440 956 tempestate
1475 891 1661 941 coorta

309 964 650 1032 conplemnt,
686 979 883 1031 magno
919 963 1275 1032 indignantur
1311 979 1591 1017 murmure
1623 963 1791 1017 clausi

310 1039 547 1094 nubibus
579 1039 637 1093 in
673 1039 959 1107 caveisque
998 1039 1238 1092 ferarum
1275 1055 1426 1094 more
1461 1040 1765 1104 minantum

310 1132 453 1171 nunc
487 1116 612 1170 hinc
646 1131 791 1169 nunc
825 1115 969 1169 illinc
1008 1115 1264 1170 fremitus
1299 1132 1401 1186 per
1437 1115 1621 1169 nubila
1655 1114 1884 1169 mittunt

310 1195 745 1261 quaerentesque
783 1192 925 1244 viam
960 1191 1166 1244 circum
1202 1196 1492 1245 versantur
1526 1196 1584 1245 et
1620 1192 1763 1260 ignis
1949 1205 2021 1245 zoa

309 1269 516 1323 semina
551 1267 877 1322 convolvunt
914 1284 941 1321 ο
974 1266 1212 1320 nubibus
1243 1270 1415 1335 atque
1449 1268 1529 1321 ita
1561 1272 1766 1336 cogunt

311 1346 485 1398 multa
519 1347 812 1412 rotantque
847 1343 995 1398 cavis
1028 1342 1304 1396 flammam
1340 1343 1650 1397 fornacibus
1684 1344 1850 1412 intus,

310 1420 483 1475 donec
520 1420 735 1474 divolsa
767 1419 1042 1475 fulserunt
1074 1419 1222 1474 nube
1257 1421 1480 1474 corusci.

385 1497 505 1551 Hac
542 1495 711 1551 etiam
746 1496 812 1550 fit
846 1497 929 1550 uti
965 1496 1035 1549 de
1068 1511 1236 1549 causa.
1270 1495 1486 1550 mobilis
1514 1497 1608 1551 ille

312 1573 533 1628 devolet
564 1573 623 1627 in
660 1574 866 1626 terram
903 1571 1095 1642 liquidi
1130 1573 1281 1627 color
1315 1587 1514 1626 aureus
1547 1573 1705 1642 ignis,
1949 1587 2022 1627 205

312 1651 520 1704 semina
555 1649 704 1718 quod
739 1647 913 1704 nubes
946 1649 1094 1717 ipsas
1128 1647 1406 1718 permulta
1437 1653 1722 1704 necessust

309 1726 451 1795 ignis
485 1725 721 1790 habere3
758 1727 961 1780 etenim
993 1741 1116 1780 cum
1156 1727 1285 1781 sunt
1318 1741 1508 1780 umore
1545 1726 1662 1783 sine
1697 1725 1824 1791 ullo,

312 1803 597 1857 flammeus
631 1804 719 1855 cst
752 1801 1073 1871 plerumque
1107 1802 1254 1855 colos
1289 1805 1350 1857 et
1383 1801 1705 1871 splendidus
1741 1803 1876 1857 ollis

311 1879 443 1948 quin
478 1878 645 1933 etiam
682 1877 810 1931 solis
846 1878 917 1931 de
951 1877 1156 1931 lumine
1192 1877 1366 1931 multa
1401 1884 1678 1933 necessest

310 1956 611 2024 concipere,
646 1958 712 2007 ut
746 1953 943 2007 merito
980 1953 1215 2007 rubeant
1250 1954 1514 2021 ignesque
1548 1955 1900 2023 profundant.
1950 1970 2023 2009 210

313 2028 473 2083 hasco
508 2029 679 2097 igitur
712 2045 835 2082 cum
870 2032 1067 2082 ventus
1106 2044 1274 2096 agens
1309 2030 1583 2083 contrusit
1616 2031 1671 2083 in
1705 2047 1874 2084 unuin

314 2105 750 2173 compressitque
782 2104 960 2158 locum
998 2121 1211 2173 cogens,
1249 2121 1509 2173 expressa
1547 2107 1887 2174 profundunt

316 2181 523 2234 semina
556 2196 697 2248 quae
731 2180 941 2235 faciunt
976 2180 1225 2234 flammae
1261 2180 1470 2248 fulgere
1505 2182 1725 2237 colores.

309 2256 476 2324 fulgit
510 2256 662 2320 item,
700 2274 824 2310 cum
859 2260 1146 2311 rarescunt
1183 2272 1401 2324 quoque
1436 2256 1622 2311 nubila
1657 2260 1806 2313 caeli.

314 2348 441 2385 nam
477 2348 600 2385 cum
636 2337 833 2386 ventus
870 2348 963 2386 eas
997 2332 1195 2386 leviter
1232 2332 1444 2387 diducit
1479 2335 1659 2389 cuntis
1849 2352 1853 2358 “
1904 2352 1912 2359 ·
1953 2350 2024 2390 215

315 2407 688 2476 dissoluitque,
726 2407 927 2462 cadant
962 2408 1192 2476 ingratis
1229 2408 1322 2460 illa
1356 2415 1633 2464 necessest

314 2483 521 2538 semina
560 2499 701 2552 quae
737 2481 948 2539 faciunt
984 2484 1273 2552 fulgorem.
1311 2488 1430 2539 tum
1466 2485 1578 2540 sine
1613 2490 1796 2542 taetro

310 2564 527 2614 terrore
564 2563 622 2613 et
658 2560 837 2613 sonitu
874 2560 1035 2628 fulgit
1073 2561 1332 2629 nulloque
1347 2561 1620 2615 'tumultu

386 2635 544 2702 Quod
583 2642 849 2706 superest,
885 2637 1048 2704 quali
1082 2640 1280 2690 natura
1315 2636 1566 2705 praedita
1600 2643 1854 2694 constent

310 2710 554 2779 fulmina,
592 2712 874 2767 declarant
911 2713 1053 2767 ictus
1090 2716 1152 2767 et
1185 2713 1367 2767 inusta
1402 2713 1620 2783 vaporis
1955 2730 2026 2769 22⁰

312 2789 468 2858 signa
504 2791 777 2858 notaeque
814 2790 995 2858 gravis
1030 2789 1269 2844 halantis
1307 2790 1546 2859 sulpuris
1580 2808 1752 2844 auras.

310 2865 452 2933 ignis
487 2866 633 2920 enim
670 2870 799 2919 sunt
833 2867 967 2920 haec
1004 2883 1111 2920 non
1152 2866 1301 2921 venti
1344 2866 1498 2935 signa
1532 2884 1710 2935 neque
1745 2866 1954 2922 imbris.

312 2945 605 3011 praeterea
642 2958 804 3009 saepe
838 2942 1148 2997 accendunt
1185 2958 1402 3011 quoquo
1439 2946 1588 2995 tecta
1625 2940 1910 2997 domorum

312 3021 370 3071 et
405 3019 569 3073 celeri
604 3018 821 3072 flamma
856 3018 1208 3071 dominantur
1242 3018 1298 3070 in
1337 3018 1564 3071 aedibus
1600 3018 1748 3087 ipsis.

314 3094 457 3148 hunc
491 3094 597 3149 tibi
632 3094 893 3149 subtilem
928 3110 1053 3148 cum
1088 3094 1282 3163 primis
1317 3092 1534 3161 ignibus
1569 3093 1750 3163 ignem
1889 3164 1893 3169 .
1954 3112 2027 3151 225

314 3170 607 3225 constituit
641 3173 839 3224 natura
871 3170 1096 3224 minutis
1130 3168 1530 3237 mobilibusque
1789 3170 1792 3175 '
1887 3182 1892 3189 ·
