2259 3550
240 220 528 276 mortalem
564 218 735 273 vitam
772 232 919 270 mors
954 209 1079 269 cum
1114 213 1421 270 inmortalis
1455 213 1698 269 ademit.⁴

311 294 552 349 Proinde
574 293 671 347 ubi
695 287 755 346 se
779 290 970 345 videas
994 289 1267 345 hominem
1290 290 1628 358 indignarier
1649 291 1849 360 ipsum,
1883 303 1960 346 870

236 375 365 442 post
398 375 633 425 mortem
670 370 785 423 fore
819 372 885 422 ut
918 371 1016 422 aut
1049 370 1302 436 putescat
1337 383 1562 434 corpore
1597 371 1756 436 posto

242 452 340 501 aut
374 445 607 500 flammis
642 446 889 499 interfiat
923 443 1150 497 malisve
1185 442 1439 510 ferarum,

238 525 378 578 scire
413 522 546 576 licet
580 537 685 574 non
722 521 992 574 sincerum
1031 535 1224 573 sonere
1261 522 1448 596 atque>
1465 519 1688 574 subesse

240 614 461 654 caecum
497 597 737 665 aliquem
772 595 923 650 cordi
960 595 1258 662 stimulum,
1293 595 1540 662 quamvis
1575 599 1742 663 neget
1777 595 1792 646 i
1799 611 1896 662 pse

236 673 463 727 credere
488 689 547 726 se
573 689 900 741 quemquam
926 671 1029 726 sibi
1053 688 1270 724 sensum
1295 673 1352 724 in
1375 678 1554 726 morte
1576 671 1834 726 futurum.
1883 684 1955 724 875

242 767 363 818 non,
399 754 463 804 ut
498 749 708 818 opinor,
744 749 885 802 enim
924 748 1025 802 dat
1060 747 1208 816 quod
1244 748 1522 816 promittit
1557 751 1618 802 et
1651 747 1815 811 unde,

239 843 339 881 nec
373 825 635 880 radicitus
672 842 703 878 e
740 827 854 878 vita
889 842 949 878 se
984 824 1132 878 tollit
1170 829 1229 878 et
1264 825 1408 890 eicit,

202 968 206 972 ,
240 902 342 956 sod
376 902 507 956 facit
542 917 663 956 esse
700 901 781 953 sui
820 900 1083 969 quiddam
1120 917 1286 969 super
1323 901 1521 954 inscius
1555 901 1687 970 ipse.

238 978 392 1032 vivus
428 978 574 1032 enim
612 977 715 1030 sibi
750 993 873 1030 cum
908 976 1165 1045 proponit
1201 977 1430 1046 quisquc
1467 976 1726 1043 futurum,

239 1071 438 1122 corpus
472 1053 555 1108 uti
594 1053 838 1107 volucres
873 1053 1115 1106 lacerent
1149 1054 1202 1106 in
1240 1057 1418 1107 morte
1453 1053 1726 1120 feraeque,
1879 1063 1954 1102 880

239 1131 357 1200 ipse
394 1129 478 1184 sui
516 1130 771 1194 miseret3
808 1145 987 1197 neque
1021 1129 1167 1182 onim
1205 1147 1263 1182 se
1300 1127 1500 1182 dividit
1535 1128 1667 1181 illim

241 1222 344 1260 nec
379 1208 626 1260 removet
661 1206 795 1259 satis
830 1221 864 1258 a
898 1205 1144 1274 proiecto
1179 1221 1405 1272 corpore
1441 1207 1503 1257 et
1537 1203 1690 1258 illum

242 1298 303 1336 se
338 1283 497 1350 fingit
533 1298 807 1351 sensuque
844 1298 941 1336 suo
977 1281 1313 1335 contaminat
1347 1284 1545 1334 astans,

240 1357 365 1412 hinc
399 1358 719 1426 indignatur
754 1375 815 1412 se
852 1358 1142 1411 mortalem
1177 1373 1298 1410 esse
1332 1361 1578 1410 creatum

242 1451 343 1488 nec
378 1435 531 1488 videt
566 1435 622 1488 in
659 1451 791 1488 vera
825 1435 1033 1487 nullum
1069 1434 1186 1487 fore
1222 1436 1400 1487 morte
1437 1433 1601 1486 alium
1639 1449 1699 1486 se
1879 1445 1954 1486 885

244 1512 337 1580 qui
372 1512 544 1579 possit
580 1511 737 1564 vivus
772 1511 875 1564 sibi
914 1527 973 1564 se
1008 1511 1198 1577 lugere
1233 1507 1588 1578 peremptum

244 1591 503 1654 stansque
538 1587 807 1640 iacentem
842 1603 897 1640 se
932 1587 1158 1639 lacerari
1195 1586 1350 1639 urive
1385 1584 1586 1638 dolere.

241 1679 368 1716 nam
406 1663 451 1716 si
486 1663 542 1716 in
580 1667 757 1716 morte
792 1663 1049 1716 malumst
1085 1662 1244 1715 malis
1279 1676 1573 1729 morsuque
1609 1661 1846 1714 ferarum

240 1739 484 1808 tractari,
520 1755 626 1793 non
664 1738 879 1808 invenio
914 1738 1009 1807 qui
1044 1755 1151 1792 non
1190 1738 1262 1793 sit
1297 1736 1554 1791 acerbum

240 1816 457 1884 ignibus
492 1816 787 1883 inpositum
824 1815 1015 1869 calidis
1052 1825 1355 1869 torrescere
1391 1814 1622 1868 flammis
1880 1829 1952 1870 890

242 1895 340 1945 aut
374 1892 431 1944 in
467 1891 631 1946 melle
666 1891 831 1945 situm
869 1891 1119 1945 suffocari
1155 1894 1322 1959 atque
1361 1891 1536 1958 rigere

236 1967 455 2036 frigore,
490 1984 613 2021 cum
650 1984 859 2021 summo
893 1968 1062 2036 gelidi
1098 1968 1264 2021 cubat
1299 1983 1534 2034 aequore
1572 1969 1701 2032 saxi,

242 2045 495 2111 urgerive
530 2061 765 2113 superne
800 2044 1069 2098 obtritum
1103 2045 1348 2113 pondere
1386 2050 1583 2097 terrac.

314 2122 327 2146 ‘
345 2121 460 2172 Iam
498 2121 607 2174 iam
645 2137 753 2173 non
790 2121 984 2175 domus
1018 2118 1250 2189 accipiet
1285 2125 1344 2173 te
1378 2120 1539 2188 laeta,
1574 2136 1752 2186 neque
1787 2136 1928 2173 uxor

242 2196 448 2263 optima
483 2212 582 2249 nec
618 2196 805 2249 dulces
840 2200 1126 2250 occurrent
1161 2196 1346 2249 oscula
1378 2196 1494 2249 nati
1876 2210 1950 2249 sss

244 2272 558 2340 praeripere
592 2275 653 2325 et
687 2271 856 2325 tacita
889 2276 1081 2339 pectus
1118 2271 1408 2326 dulcedine
1443 2275 1685 2339 tangent.

244 2364 352 2399 non
386 2348 596 2415 poteris
630 2348 787 2401 factis
822 2347 1142 2401 florentibus
1178 2364 1313 2415 esse,
1349 2348 1568 2416 tuisque

243 2424 591 2491 praesidium.
630 2423 830 2477 misero
864 2424 1075 2477 misere’
1115 2424 1270 2478 aiunt
1306 2424 1502 2477 ‘omnia
1536 2424 1742 2477 ademit

245 2515 355 2552 una
390 2499 509 2554 dies
542 2499 743 2553 infesta
777 2498 880 2553 tibi
917 2503 1002 2553 tot
1038 2500 1282 2568 praemia
1317 2500 1492 2554 vitae.'

239 2574 379 2628 illud
414 2576 469 2627 in
504 2575 591 2629 his
624 2575 791 2629 rebus
823 2592 929 2629 non
966 2576 1180 2629 addunt
1214 2577 1336 2629 ‘nec
1371 2575 1474 2630 tibi
1509 2592 1696 2629 earum
1877 2588 1952 2630 ooo

240 2650 349 2703 iam
388 2649 721 2705 desiderium
756 2668 940 2705 rerum
978 2668 1144 2719 super
1178 2652 1382 2705 insidet
1419 2654 1552 2704 una)

245 2726 395 2793 quod
428 2725 570 2780 bene
606 2726 651 2779 si
686 2725 911 2781 videant
946 2726 1124 2781 animo
1161 2726 1432 2796 dictisque
1469 2730 1782 2795 sequantur,

242 2802 545 2857 dissoluant
579 2802 743 2856 animi
780 2818 973 2870 magno
1008 2819 1067 2856 se
1102 2819 1306 2871 angore
1341 2810 1615 2871 metuque.

243 2880 332 2932 ‘tu
366 2878 592 2947 quidem
626 2882 690 2937 ut
724 2894 784 2933 es
820 2878 932 2932 leto
968 2878 1192 2949 sopitus
1229 2879 1306 2933 sic
1339 2880 1448 2932 eris
1481 2880 1600 2933 aevi

200 2964 215 3048 Ι
242 2955 393 3023 quod
428 2959 681 3023 superest
714 2955 923 3010 cunctis
957 2955 1190 3023 privatu'
1225 2954 1503 3009 doloribus
1537 2952 1730 3023 aegris.
1874 2966 1948 3008 ⁰0⁶

242 3032 303 3083 at
337 3046 437 3083 nos
471 3031 722 3086 horrifico
756 3032 1078 3086 cinefactum
1115 3035 1174 3084 te
1209 3046 1380 3099 prope
1412 3030 1576 3083 busto
1937 3025 1942 3031 ’

242 3105 627 3161 insatiabiliter
662 3107 993 3173 deflevimuS,
1028 3112 1422 3175 aeternumque

245 3178 396 3233 nulla
430 3181 549 3234 dies
583 3182 742 3235 nobis
777 3198 1078 3235 maerorem
1116 3199 1149 3236 e
1181 3186 1402 3250 pectore
1439 3181 1654 3236 demet?

67 3206 143 3269 σῶμ’
214 3243 226 3255 ι
305 3243 319 3274 s
