2259 3550
1068 114 1167 170 VI
1856 118 1968 176 175

257 216 406 272 unde
441 221 669 286 repente
705 221 873 287 queat
908 218 1075 272 tellus
1110 234 1371 275 concussa
1403 221 1610 276 moveri

256 309 466 365 perque
499 310 653 348 mare
687 311 752 349 ac
786 298 969 349 terras
1002 294 1230 366 rapidus
1264 313 1588 365 percurrere
1621 297 1801 364 turbo,

254 372 397 440 ignis
432 369 718 424 abundare
756 373 1057 438 Aetnaeus,
1091 371 1466 427 flammescere
1501 374 1728 428 caelum.

252 447 312 502 id
349 463 565 516 quoque
602 447 745 501 enim
782 447 848 501 fit
883 450 942 501 et
976 447 1270 502 ardescunt
1304 449 1564 503 caelestia
1599 451 1808 519 templa
1897 466 1969 504 6⁷0

254 528 314 579 et
349 525 710 591 tempestates
743 523 959 592 pluviae
994 523 1246 592 graviore
1283 527 1473 579 coortu

255 603 399 666 sunt,
435 599 529 652 ubi
563 599 709 654 forte
741 599 821 653 ita
856 616 916 654 se
951 600 1262 655 tetulerunt
1295 602 1502 656 semina
1536 618 1815 672 aquarum.

254 677 341 730 ‘at
375 674 537 729 nimis
572 678 659 730 est
692 676 883 743 ingens
916 676 1135 730 incendi
1172 676 1430 731 turbidus
1465 676 1661 732 ardor!

254 752 464 807 scilicet
498 754 559 807 et
592 751 787 806 fluvius
824 751 1003 821 quivis
1038 757 1123 808 est
1159 753 1428 808 maximus
1463 753 1516 808 ei

254 828 351 898 qui
384 845 493 883 nou
529 832 658 882 ante
692 828 931 897 aliquem
965 828 1230 884 maiorem
1264 829 1417 897 vidit,
1455 834 1515 885 et
1546 829 1741 898 ingens
1893 844 1970 887 0⁷5

254 905 419 960 arbor
452 905 727 974 homoque
765 905 995 974 videtur,
1032 909 1091 960 et
1123 906 1304 960 omnia
1340 905 1411 961 de
1444 923 1647 975 genere
1681 907 1829 966 omni

254 982 492 1036 maxima
525 998 665 1050 quae
703 980 841 1035 vidit
878 982 1123 1052 quisquo,
1159 982 1296 1037 hacc
1333 983 1580 1052 ingentia
1614 984 1790 1053 fingit,

253 1073 379 1111 cum
413 1061 607 1112 tamen
636 1059 817 1112 omnia
851 1074 977 1112 cum
1012 1059 1163 1112 caelo
1199 1062 1458 1129 terraque
1493 1060 1738 1129 marique

255 1133 330 1187 nil
365 1134 476 1189 sint
510 1134 583 1188 ad
619 1151 887 1188 summam
923 1135 1153 1188 summai
1186 1136 1358 1189 totius
1393 1153 1624 1190 omnem.

325 1209 484 1265 Nunc
518 1213 709 1264 tamen
745 1210 839 1264 illa
873 1211 1050 1264 modis
1085 1211 1286 1280 quibus
1320 1213 1546 1267 inritata
1578 1216 1809 1282 repente
1893 1228 1970 1267 σεο

255 1285 474 1341 flamma
505 1287 653 1340 foras
687 1288 857 1341 vastis
896 1287 1116 1341 Aetnae
1151 1287 1460 1343 fornacibus
1495 1288 1660 1356 efflet,

254 1362 555 1432 expediam.
598 1363 838 1432 primum
871 1363 1045 1418 totius
1080 1363 1315 1418 subcava
1349 1364 1552 1420 montis

252 1443 339 1494 est
372 1443 583 1508 natura,
619 1440 735 1494 fere
772 1439 981 1494 silicum
1017 1439 1241 1494 suffulta
1275 1441 1533 1494 cavernis.

254 1516 501 1570 omnibus
535 1519 624 1570 est
656 1532 822 1586 porro
857 1516 913 1568 in
950 1516 1223 1585 speluncis
1257 1520 1453 1571 ventus
1488 1521 1549 1572 et
1582 1533 1690 1573 aer.

254 1596 448 1646 ventus
482 1592 627 1646 euim
662 1591 742 1660 fit,
778 1591 873 1647 ubi
907 1597 995 1646 est
1029 1593 1292 1660 agitando
1327 1594 1572 1663 percitus
1607 1611 1716 1649 aer.
1893 1609 1967 1648 685

252 1667 341 1722 hic
376 1667 468 1722 ubi
503 1668 773 1736 percaluit
807 1668 1165 1738 calefecitque
1199 1671 1380 1724 omnia
1413 1669 1618 1725 circum

254 1761 385 1801 saxa
417 1745 617 1811 furens,
652 1762 762 1815 qua
794 1745 1078 1815 contingit,
1114 1749 1448 1817 terramque,
1482 1751 1542 1803 et
1576 1748 1648 1803 ab
1683 1745 1804 1803 ollis

252 1822 490 1877 excussit
524 1822 763 1877 calidum
799 1824 1029 1877 flammis
1063 1823 1340 1877 velocibus
1375 1824 1573 1891 ignem,

250 1898 397 1952 tollit
433 1915 494 1953 se
527 1915 591 1953 ac
626 1899 795 1953 rectis
828 1900 909 1953 ita
941 1898 1190 1953 faucibus
1225 1900 1354 1953 eicit
1389 1900 1515 1954 alte.

251 1973 362 2027 fert
396 1974 584 2041 itaque
618 1973 871 2027 ardorem
907 1976 1068 2041 longe
1104 1974 1375 2043 longeque
1410 1975 1651 2029 favillam
1892 1992 1966 2031 ωο

254 2048 441 2103 differt
476 2051 536 2102 et
570 2065 755 2102 crassa
788 2049 959 2103 volvit
995 2050 1226 2117 caligine
1260 2051 1469 2104 fumum

253 2124 609 2194 extruditque
643 2124 803 2178 simul
838 2125 1085 2179 mirando
1118 2124 1366 2195 pondere
1402 2142 1560 2192 saxa3

254 2218 323 2255 ne
358 2200 579 2256 dubites
613 2202 744 2271 quin
779 2200 915 2256 haec
950 2202 1150 2255 animai
1185 2201 1410 2255 turbida
1444 2202 1520 2257 sit
1555 2203 1649 2257 vis.

251 2281 538 2346 praeterea
572 2294 769 2346 magna
802 2295 873 2333 ex
907 2278 1056 2348 parti
1090 2295 1242 2332 mare
1277 2280 1478 2334 montis
1513 2278 1586 2333 ad
1620 2279 1740 2334 eius
1779 2334 1786 2340 ,

250 2353 465 2408 radices
496 2353 703 2423 frangit
737 2355 935 2409 fluctus
970 2357 1292 2424 aestumque
1326 2354 1592 2410 resorbet.
1887 2371 1961 2413 aas

252 2446 322 2484 ex
355 2429 459 2483 hoc
492 2447 666 2499 usque
700 2431 839 2485 mari
876 2431 1167 2500 speluncae
1203 2432 1408 2487 montis
1443 2431 1516 2485 ad
1549 2431 1690 2487 altas

249 2506 578 2576 perveniunt
612 2506 805 2561 subter
836 2508 1036 2561 fauces.
1073 2506 1177 2560 hac
1213 2508 1296 2561 ire
1331 2507 1678 2562 fatendumst

248 2661 310 2713 ct
342 2662 635 2728 penetrare
671 2654 810 2714 mari
842 2660 1064 2730 penitus
1097 2674 1190 2714 res
1223 2661 1372 2729 cogit
1405 2665 1598 2729 aperto

248 2738 419 2804 atque
454 2736 637 2791 efflare
671 2736 819 2790 foras
854 2734 1091 2805 ideoque
1124 2736 1390 2791 extollere
1425 2736 1700 2792 flammam

250 2824 492 2881 saxaque
528 2812 834 2867 subiectare
868 2815 927 2867 et
961 2829 1161 2867 arenae
1196 2812 1391 2867 tollore
1426 2812 1655 2868 nimbos.
1883 2824 1960 2869 ⁷00

246 2887 304 2941 in
340 2904 553 2942 summo
590 2892 718 2943 sunt
752 2889 957 2944 vertice
992 2890 1140 2943 euim
1175 2893 1432 2957 crateres,
1469 2891 1536 2942 ut
1567 2888 1674 2957 ipsi

248 2964 606 3032 nominitant3
642 2981 739 3019 nos
775 2964 925 3035 quod
960 2966 1147 3019 fauces
1181 2963 1534 3033 perhibemus
1570 2968 1630 3019 et
1665 2978 1775 3019 ora.

318 3038 460 3095 Sunt
481 3041 693 3112 aliquot
718 3056 935 3111 quoque
958 3054 1048 3095 res
1072 3057 1304 3110 quarum
1328 3056 1494 3095 unam
1519 3040 1707 3095 dicore
1737 3048 1955 3096 causam

248 3130 359 3171 non
392 3116 526 3171 satis
559 3120 660 3186 est,
696 3132 887 3171 verum
920 3116 1109 3187 pluris,
1143 3116 1294 3171 unde
1327 3133 1438 3171 una
1469 3118 1656 3172 tamen
1692 3116 1794 3185 sit3

249 3206 444 3261 corpus
478 3196 542 3247 ut
576 3192 887 3248 exanimum
925 3192 1119 3261 siquod
1155 3193 1344 3263 procul
1380 3193 1499 3263 ipse
1533 3192 1712 3249 iacere
1885 3206 1956 3248 τοῦ
