<?xml version="1.0" encoding="UTF-8"?>
<!DOCTYPE html PUBLIC "-//W3C//DTD XHTML 1.0 Transitional//EN"
    "http://www.w3.org/TR/xhtml1/DTD/xhtml1-transitional.dtd">
<html xmlns="http://www.w3.org/1999/xhtml" xml:lang="en" lang="en">
 <head>
  <title>
</title>
<meta http-equiv="Content-Type" content="text/html;charset=utf-8" />
  <meta name='ocr-system' content='tesseract 3.04.00' />
  <meta name='ocr-capabilities' content='ocr_page ocr_carea ocr_par ocr_line ocrx_word'/>
</head>
<body>
  <div class='ocr_page' id='page_1' title='image "./tlucreticarider09munrgoog_0170.png"; bbox 0 0 2259 3550; ppageno 0'>
   <div class='ocr_carea' id='block_1_1' title="bbox 267 111 1160 172">
    <p class='ocr_par' dir='ltr' id='par_1_1' title="bbox 267 111 1160 172">
     <span class='ocr_line' id='line_1_1' title="bbox 267 111 1160 172; baseline -0.008 0"><span class='ocrx_word' id='word_1_1' title='bbox 267 116 382 172; x_wconf 76' lang='lat'><strong>124</strong></span> <span class='ocrx_word' id='word_1_2' title='bbox 1103 111 1160 165; x_wconf 89' lang='lat' dir='ltr'>V</span> 
     </span>
    </p>
   </div>
   <div class='ocr_carea' id='block_1_2' title="bbox 22 212 2008 3249">
    <p class='ocr_par' dir='ltr' id='par_1_2' title="bbox 22 212 2008 3249">
     <span class='ocr_line' id='line_1_2' title="bbox 257 212 1732 286; baseline -0.003 -18"><span class='ocrx_word' id='word_1_3' title='bbox 257 218 406 286; x_wconf 89' lang='lat' dir='ltr'><strong>quod</strong></span> <span class='ocrx_word' id='word_1_4' title='bbox 441 216 629 286; x_wconf 85' lang='lat' dir='ltr'><strong>procul</strong></span> <span class='ocrx_word' id='word_1_5' title='bbox 664 231 699 268; x_wconf 89' lang='grc'><strong>3</strong></span> <span class='ocrx_word' id='word_1_6' title='bbox 734 214 891 268; x_wconf 85' lang='lat' dir='ltr'><strong>nobis</strong></span> <span class='ocrx_word' id='word_1_7' title='bbox 925 212 1115 267; x_wconf 85' lang='lat' dir='ltr'><strong>flectat</strong></span> <span class='ocrx_word' id='word_1_8' title='bbox 1149 213 1372 266; x_wconf 85' lang='lat' dir='ltr'><strong>fortuna</strong></span> <span class='ocrx_word' id='word_1_9' title='bbox 1404 212 1732 280; x_wconf 87' lang='lat' dir='ltr'><strong>gubernans,</strong></span> 
     </span>
     <span class='ocr_line' id='line_1_3' title="bbox 256 287 1556 360; baseline -0.005 -14"><span class='ocrx_word' id='word_1_10' title='bbox 256 298 315 346; x_wconf 93' lang='lat' dir='ltr'><strong>et</strong></span> <span class='ocrx_word' id='word_1_11' title='bbox 349 293 493 347; x_wconf 85' lang='lat' dir='ltr'><strong>ratio</strong></span> <span class='ocrx_word' id='word_1_12' title='bbox 528 291 710 360; x_wconf 86' lang='lat' dir='ltr'><strong>potius</strong></span> <span class='ocrx_word' id='word_1_13' title='bbox 745 307 909 360; x_wconf 84' lang='lat' dir='ltr'><strong>quam</strong></span> <span class='ocrx_word' id='word_1_14' title='bbox 944 306 1035 343; x_wconf 88' lang='lat' dir='ltr'><strong>res</strong></span> <span class='ocrx_word' id='word_1_15' title='bbox 1068 287 1402 358; x_wconf 85' lang='lat' dir='ltr'><strong>persuadeat</strong></span> <span class='ocrx_word' id='word_1_16' title='bbox 1435 289 1556 356; x_wconf 81' lang='lat' dir='ltr'><strong>ipsa</strong></span> 
     </span>
     <span class='ocr_line' id='line_1_4' title="bbox 257 365 1709 436; baseline -0.006 -13"><span class='ocrx_word' id='word_1_17' title='bbox 257 369 537 423; x_wconf 80' lang='lat' dir='ltr'><strong>succidere</strong></span> <span class='ocrx_word' id='word_1_18' title='bbox 570 367 851 420; x_wconf 89' lang='lat' dir='ltr'><strong>horrisono</strong></span> <span class='ocrx_word' id='word_1_19' title='bbox 885 383 1047 436; x_wconf 84' lang='lat' dir='ltr'><strong>posse</strong></span> <span class='ocrx_word' id='word_1_20' title='bbox 1084 365 1264 418; x_wconf 81' lang='lat' dir='ltr'><strong>omnia</strong></span> <span class='ocrx_word' id='word_1_21' title='bbox 1299 365 1444 418; x_wconf 87' lang='lat' dir='ltr'><strong>victa</strong></span> <span class='ocrx_word' id='word_1_22' title='bbox 1478 365 1709 432; x_wconf 79' lang='lat' dir='ltr'><strong>fragore.</strong></span> 
     </span>
     <span class='ocr_line' id='line_1_5' title="bbox 22 439 1964 571; baseline -0.004 -72"><span class='ocrx_word' id='word_1_23' title='bbox 22 448 139 571; x_wconf 47' lang='grc' dir='ltr'><strong><em>φ</em></strong></span> <span class='ocrx_word' id='word_1_24' title='bbox 192 443 257 514; x_wconf 58' lang='grc' dir='ltr'><strong>’.μ</strong></span> <span class='ocrx_word' id='word_1_25' title='bbox 324 445 470 514; x_wconf 84' lang='lat' dir='ltr'><strong>[Qua</strong></span> <span class='ocrx_word' id='word_1_26' title='bbox 502 443 655 512; x_wconf 87' lang='lat' dir='ltr'><strong>prius</strong></span> <span class='ocrx_word' id='word_1_27' title='bbox 692 443 985 510; x_wconf 84' lang='lat' dir='ltr'><strong>adgrediar</strong></span> <span class='ocrx_word' id='word_1_28' title='bbox 1021 459 1186 510; x_wconf 86' lang='lat' dir='ltr'><strong>quam</strong></span> <span class='ocrx_word' id='word_1_29' title='bbox 1221 441 1293 494; x_wconf 89' lang='lat' dir='ltr'><strong>de</strong></span> <span class='ocrx_word' id='word_1_30' title='bbox 1329 457 1390 494; x_wconf 90' lang='lat' dir='ltr'><strong>re</strong></span> <span class='ocrx_word' id='word_1_31' title='bbox 1427 440 1658 494; x_wconf 87' lang='lat' dir='ltr'><strong>fundere</strong></span> <span class='ocrx_word' id='word_1_32' title='bbox 1693 439 1810 492; x_wconf 85' lang='lat' dir='ltr'><strong>fata</strong></span> <span class='ocrx_word' id='word_1_33' title='bbox 1885 453 1964 492; x_wconf 83' lang='lat'><strong>110</strong></span> 
     </span>
     <span class='ocr_line' id='line_1_6' title="bbox 256 517 1640 585; baseline -0.004 -11"><span class='ocrx_word' id='word_1_34' title='bbox 256 521 494 575; x_wconf 86' lang='lat' dir='ltr'><strong>sanctius</strong></span> <span class='ocrx_word' id='word_1_35' title='bbox 529 522 588 574; x_wconf 84' lang='lat' dir='ltr'><strong>et</strong></span> <span class='ocrx_word' id='word_1_36' title='bbox 620 520 793 574; x_wconf 79' lang='lat' dir='ltr'><strong>multo</strong></span> <span class='ocrx_word' id='word_1_37' title='bbox 829 521 980 573; x_wconf 85' lang='lat' dir='ltr'><strong>certa</strong></span> <span class='ocrx_word' id='word_1_38' title='bbox 1012 518 1229 571; x_wconf 86' lang='lat' dir='ltr'><strong>ratione</strong></span> <span class='ocrx_word' id='word_1_39' title='bbox 1263 517 1436 584; x_wconf 84' lang='lat' dir='ltr'><strong>magis</strong></span> <span class='ocrx_word' id='word_1_40' title='bbox 1475 533 1640 585; x_wconf 83' lang='lat' dir='ltr'><strong>quam</strong></span> 
     </span>
     <span class='ocr_line' id='line_1_7' title="bbox 28 505 1794 668; baseline -0.005 -16"><span class='ocrx_word' id='word_1_41' title='bbox 28 505 195 668; x_wconf 49' lang='lat' dir='ltr'><strong>„ly</strong></span> <span class='ocrx_word' id='word_1_42' title='bbox 302 597 453 665; x_wconf 83' lang='lat' dir='ltr'><strong>ythia</strong></span> <span class='ocrx_word' id='word_1_43' title='bbox 487 613 627 666; x_wconf 88' lang='lat' dir='ltr'><strong>quae</strong></span> <span class='ocrx_word' id='word_1_44' title='bbox 663 595 881 665; x_wconf 77' lang='lat' dir='ltr'><strong>tripode</strong></span> <span class='ocrx_word' id='word_1_45' title='bbox 916 612 950 646; x_wconf 89' lang='lat' dir='ltr'><strong>a</strong></span> <span class='ocrx_word' id='word_1_46' title='bbox 987 593 1193 647; x_wconf 82' lang='lat' dir='ltr'><strong>Phoebi</strong></span> <span class='ocrx_word' id='word_1_47' title='bbox 1230 593 1494 661; x_wconf 83' lang='lat' dir='ltr'><strong>lauroque</strong></span> <span class='ocrx_word' id='word_1_48' title='bbox 1529 593 1794 661; x_wconf 83' lang='lat' dir='ltr'><strong>profatur,</strong></span> 
     </span>
     <span class='ocr_line' id='line_1_8' title="bbox 256 669 1568 740; baseline -0.002 -15"><span class='ocrx_word' id='word_1_49' title='bbox 256 673 430 727; x_wconf 84' lang='lat' dir='ltr'><strong>multa</strong></span> <span class='ocrx_word' id='word_1_50' title='bbox 465 672 571 727; x_wconf 88' lang='lat' dir='ltr'><strong>tibi</strong></span> <span class='ocrx_word' id='word_1_51' title='bbox 606 671 893 740; x_wconf 82' lang='lat' dir='ltr'><strong>expediam</strong></span> <span class='ocrx_word' id='word_1_52' title='bbox 932 670 1107 722; x_wconf 82' lang='lat' dir='ltr'><strong>doctis</strong></span> <span class='ocrx_word' id='word_1_53' title='bbox 1142 669 1340 723; x_wconf 88' lang='lat' dir='ltr'><strong>solacia</strong></span> <span class='ocrx_word' id='word_1_54' title='bbox 1377 669 1568 734; x_wconf 85' lang='lat' dir='ltr'><strong>dictis3</strong></span> 
     </span>
     <span class='ocr_line' id='line_1_9' title="bbox 44 745 1354 818; baseline -0.002 -17"><span class='ocrx_word' id='word_1_55' title='bbox 44 791 63 818; x_wconf 77' lang='lat'><em>,</em></span> <span class='ocrx_word' id='word_1_56' title='bbox 88 797 97 804; x_wconf 85' lang='grc'><strong>,</strong></span> <span class='ocrx_word' id='word_1_57' title='bbox 256 749 517 816; x_wconf 78' lang='lat' dir='ltr'><strong>religione</strong></span> <span class='ocrx_word' id='word_1_58' title='bbox 552 748 862 802; x_wconf 81' lang='lat' dir='ltr'><strong>refrenatus</strong></span> <span class='ocrx_word' id='word_1_59' title='bbox 896 763 966 801; x_wconf 89' lang='lat' dir='ltr'><strong>ne</strong></span> <span class='ocrx_word' id='word_1_60' title='bbox 1000 748 1145 800; x_wconf 81' lang='lat' dir='ltr'><strong>forte</strong></span> <span class='ocrx_word' id='word_1_61' title='bbox 1181 745 1354 800; x_wconf 79' lang='lat' dir='ltr'><strong>rearis</strong></span> 
     </span>
     <span class='ocr_line' id='line_1_10' title="bbox 120 821 1959 909; baseline -0.003 -30"><span class='ocrx_word' id='word_1_62' title='bbox 120 825 177 909; x_wconf 60' lang='grc' dir='ltr'><em>ζ</em></span> <span class='ocrx_word' id='word_1_63' title='bbox 256 828 433 878; x_wconf 83' lang='lat' dir='ltr'><strong>terras</strong></span> <span class='ocrx_word' id='word_1_64' title='bbox 469 827 528 878; x_wconf 88' lang='lat' dir='ltr'><strong>et</strong></span> <span class='ocrx_word' id='word_1_65' title='bbox 564 824 731 877; x_wconf 86' lang='lat' dir='ltr'><strong>solem</strong></span> <span class='ocrx_word' id='word_1_66' title='bbox 768 826 827 877; x_wconf 89' lang='lat' dir='ltr'><strong>et</strong></span> <span class='ocrx_word' id='word_1_67' title='bbox 862 822 1087 890; x_wconf 83' lang='lat' dir='ltr'><strong>caelum,</strong></span> <span class='ocrx_word' id='word_1_68' title='bbox 1126 838 1277 875; x_wconf 88' lang='lat' dir='ltr'><strong>mare</strong></span> <span class='ocrx_word' id='word_1_69' title='bbox 1315 821 1496 876; x_wconf 84' lang='lat' dir='ltr'><strong>sidera</strong></span> <span class='ocrx_word' id='word_1_70' title='bbox 1530 821 1728 890; x_wconf 82' lang='lat' dir='ltr'><strong>lunam,</strong></span> <span class='ocrx_word' id='word_1_71' title='bbox 1887 835 1959 874; x_wconf 85' lang='lat'><strong>115</strong></span> 
     </span>
     <span class='ocr_line' id='line_1_11' title="bbox 73 899 1476 987; baseline -0.004 -32"><span class='ocrx_word' id='word_1_72' title='bbox 73 912 144 987; x_wconf 43' lang='grc' dir='ltr'><strong>,ΓΑ</strong></span> <span class='ocrx_word' id='word_1_73' title='bbox 170 927 198 983; x_wconf 46' lang='lat'>3</span> <span class='ocrx_word' id='word_1_74' title='bbox 256 917 484 970; x_wconf 86' lang='lat' dir='ltr'><strong>corpore</strong></span> <span class='ocrx_word' id='word_1_75' title='bbox 521 899 703 952; x_wconf 88' lang='lat' dir='ltr'><strong>divino</strong></span> <span class='ocrx_word' id='word_1_76' title='bbox 740 899 942 953; x_wconf 89' lang='lat' dir='ltr'><strong>debere</strong></span> <span class='ocrx_word' id='word_1_77' title='bbox 980 903 1206 952; x_wconf 83' lang='lat' dir='ltr'><strong>aeterna</strong></span> <span class='ocrx_word' id='word_1_78' title='bbox 1239 914 1476 966; x_wconf 84' lang='lat' dir='ltr'><strong>manere,</strong></span> 
     </span>
     <span class='ocr_line' id='line_1_12' title="bbox 23 955 1638 1060; baseline -0.002 -31"><span class='ocrx_word' id='word_1_79' title='bbox 23 1007 63 1050; x_wconf 81' lang='lat' dir='ltr'><em>l</em></span> <span class='ocrx_word' id='word_1_80' title='bbox 123 1005 176 1060; x_wconf 42' lang='grc' dir='ltr'><strong>ι,</strong></span> <span class='ocrx_word' id='word_1_81' title='bbox 218 955 246 1018; x_wconf 60' lang='lat' dir='ltr'>J</span> <span class='ocrx_word' id='word_1_82' title='bbox 258 979 661 1045; x_wconf 74' lang='lat' dir='ltr'><strong>proptereaque</strong></span> <span class='ocrx_word' id='word_1_83' title='bbox 698 979 861 1042; x_wconf 87' lang='lat' dir='ltr'><strong>putes</strong></span> <span class='ocrx_word' id='word_1_84' title='bbox 896 975 1011 1028; x_wconf 89' lang='lat' dir='ltr'><strong>ritu</strong></span> <span class='ocrx_word' id='word_1_85' title='bbox 1046 993 1149 1044; x_wconf 80' lang='lat' dir='ltr'><strong>par</strong></span> <span class='ocrx_word' id='word_1_86' title='bbox 1183 990 1305 1028; x_wconf 88' lang='lat' dir='ltr'><strong>esse</strong></span> <span class='ocrx_word' id='word_1_87' title='bbox 1341 973 1638 1041; x_wconf 76' lang='lat' dir='ltr'><strong>Gigantum</strong></span> 
     </span>
     <span class='ocr_line' id='line_1_13' title="bbox 91 1050 1694 1120; baseline -0.004 -11"><span class='ocrx_word' id='word_1_88' title='bbox 91 1075 129 1109; x_wconf 70' lang='grc' dir='ltr'><strong>,ι</strong></span> <span class='ocrx_word' id='word_1_89' title='bbox 216 1097 230 1109; x_wconf 82' lang='grc'>.</span> <span class='ocrx_word' id='word_1_90' title='bbox 258 1053 511 1120; x_wconf 85' lang='lat' dir='ltr'><strong>pendere</strong></span> <span class='ocrx_word' id='word_1_91' title='bbox 538 1068 630 1104; x_wconf 86' lang='lat' dir='ltr'><strong>eos</strong></span> <span class='ocrx_word' id='word_1_92' title='bbox 665 1067 867 1120; x_wconf 87' lang='lat' dir='ltr'><strong>poenas</strong></span> <span class='ocrx_word' id='word_1_93' title='bbox 901 1050 1106 1104; x_wconf 87' lang='lat' dir='ltr'><strong>inmani</strong></span> <span class='ocrx_word' id='word_1_94' title='bbox 1141 1067 1243 1119; x_wconf 86' lang='lat' dir='ltr'><strong>pro</strong></span> <span class='ocrx_word' id='word_1_95' title='bbox 1279 1050 1486 1104; x_wconf 88' lang='lat' dir='ltr'><strong>scelere</strong></span> <span class='ocrx_word' id='word_1_96' title='bbox 1521 1051 1694 1103; x_wconf 87' lang='lat' dir='ltr'><strong>omnis</strong></span> 
     </span>
     <span class='ocr_line' id='line_1_14' title="bbox 38 1093 1556 1199; baseline -0.001 -19"><span class='ocrx_word' id='word_1_97' title='bbox 38 1114 91 1158; x_wconf 50' lang='grc' dir='ltr'>Ψ</span> <span class='ocrx_word' id='word_1_98' title='bbox 116 1186 125 1199; x_wconf 65' lang='lat'><em>‚</em></span> <span class='ocrx_word' id='word_1_99' title='bbox 155 1093 238 1192; x_wconf 37' lang='grc' dir='ltr'><strong>λ’</strong></span> <span class='ocrx_word' id='word_1_100' title='bbox 258 1127 351 1196; x_wconf 89' lang='lat' dir='ltr'><strong>qui</strong></span> <span class='ocrx_word' id='word_1_101' title='bbox 386 1128 598 1182; x_wconf 87' lang='lat' dir='ltr'><strong>ratione</strong></span> <span class='ocrx_word' id='word_1_102' title='bbox 634 1144 733 1180; x_wconf 87' lang='grc'><strong>3113</strong></span> <span class='ocrx_word' id='word_1_103' title='bbox 768 1126 1082 1181; x_wconf 73' lang='lat' dir='ltr'><strong>disturbent</strong></span> <span class='ocrx_word' id='word_1_104' title='bbox 1117 1126 1334 1179; x_wconf 83' lang='lat' dir='ltr'><strong>moenia</strong></span> <span class='ocrx_word' id='word_1_105' title='bbox 1367 1125 1556 1178; x_wconf 89' lang='lat' dir='ltr'><strong>mundi</strong></span> 
     </span>
     <span class='ocr_line' id='line_1_15' title="bbox 44 1202 1961 1272; baseline 0.001 -15"><span class='ocrx_word' id='word_1_106' title='bbox 44 1241 59 1270; x_wconf 76' lang='lat'><em>,</em></span> <span class='ocrx_word' id='word_1_107' title='bbox 116 1204 194 1270; x_wconf 46' lang='lat' dir='ltr'><strong>t„</strong></span> <span class='ocrx_word' id='word_1_108' title='bbox 258 1205 706 1272; x_wconf 76' lang='lat' dir='ltr'><strong>praeclarumque</strong></span> <span class='ocrx_word' id='word_1_109' title='bbox 743 1203 912 1256; x_wconf 86' lang='lat' dir='ltr'><strong>velint</strong></span> <span class='ocrx_word' id='word_1_110' title='bbox 948 1202 1081 1256; x_wconf 86' lang='lat' dir='ltr'><strong>caeli</strong></span> <span class='ocrx_word' id='word_1_111' title='bbox 1118 1202 1460 1270; x_wconf 85' lang='lat' dir='ltr'><strong>restinguere</strong></span> <span class='ocrx_word' id='word_1_112' title='bbox 1495 1203 1664 1256; x_wconf 89' lang='lat' dir='ltr'><strong>solem</strong></span> <span class='ocrx_word' id='word_1_113' title='bbox 1887 1217 1961 1258; x_wconf 76' lang='lat'><strong>120</strong></span> 
     </span>
     <span class='ocr_line' id='line_1_16' title="bbox 64 1279 1642 1342; baseline -0.001 -10"><span class='ocrx_word' id='word_1_114' title='bbox 64 1296 71 1304; x_wconf 92' lang='lat'>·</span> <span class='ocrx_word' id='word_1_115' title='bbox 260 1280 566 1334; x_wconf 85' lang='lat' dir='ltr'><strong>inmortalia</strong></span> <span class='ocrx_word' id='word_1_116' title='bbox 602 1279 820 1333; x_wconf 81' lang='lat' dir='ltr'><strong>mortali</strong></span> <span class='ocrx_word' id='word_1_117' title='bbox 856 1294 1105 1333; x_wconf 86' lang='lat' dir='ltr'><strong>sermone</strong></span> <span class='ocrx_word' id='word_1_118' title='bbox 1142 1281 1427 1342; x_wconf 86' lang='lat' dir='ltr'><strong>notantes;</strong></span> <span class='ocrx_word' id='word_1_119' title='bbox 1639 1283 1642 1286; x_wconf 82' lang='grc'>’</span> 
     </span>
     <span class='ocr_line' id='line_1_17' title="bbox 259 1354 1805 1426; baseline 0 -18"><span class='ocrx_word' id='word_1_120' title='bbox 259 1373 399 1424; x_wconf 87' lang='lat' dir='ltr'><strong>quac</strong></span> <span class='ocrx_word' id='word_1_121' title='bbox 434 1355 623 1426; x_wconf 86' lang='lat' dir='ltr'><strong>procul</strong></span> <span class='ocrx_word' id='word_1_122' title='bbox 660 1372 832 1424; x_wconf 88' lang='lat' dir='ltr'><strong>usque</strong></span> <span class='ocrx_word' id='word_1_123' title='bbox 868 1355 1006 1408; x_wconf 84' lang='lat' dir='ltr'><strong>adeo</strong></span> <span class='ocrx_word' id='word_1_124' title='bbox 1044 1355 1226 1409; x_wconf 82' lang='lat' dir='ltr'><strong>divino</strong></span> <span class='ocrx_word' id='word_1_125' title='bbox 1259 1373 1292 1408; x_wconf 88' lang='lat' dir='ltr'><strong>a</strong></span> <span class='ocrx_word' id='word_1_126' title='bbox 1327 1354 1548 1410; x_wconf 88' lang='lat' dir='ltr'><strong>numine</strong></span> <span class='ocrx_word' id='word_1_127' title='bbox 1583 1356 1805 1422; x_wconf 82' lang='lat' dir='ltr'><strong>distent,</strong></span> 
     </span>
     <span class='ocr_line' id='line_1_18' title="bbox 258 1431 1688 1500; baseline 0.001 -16"><span class='ocrx_word' id='word_1_128' title='bbox 258 1434 422 1500; x_wconf 79' lang='lat' dir='ltr'><strong>inque</strong></span> <span class='ocrx_word' id='word_1_129' title='bbox 458 1432 621 1486; x_wconf 91' lang='lat' dir='ltr'><strong>deum</strong></span> <span class='ocrx_word' id='word_1_130' title='bbox 657 1448 883 1485; x_wconf 85' lang='lat' dir='ltr'><strong>numero</strong></span> <span class='ocrx_word' id='word_1_131' title='bbox 918 1448 1057 1499; x_wconf 88' lang='lat' dir='ltr'><strong>quae</strong></span> <span class='ocrx_word' id='word_1_132' title='bbox 1094 1431 1205 1485; x_wconf 84' lang='lat' dir='ltr'><strong>sint</strong></span> <span class='ocrx_word' id='word_1_133' title='bbox 1239 1431 1464 1498; x_wconf 83' lang='lat' dir='ltr'><strong>indigna</strong></span> <span class='ocrx_word' id='word_1_134' title='bbox 1499 1432 1688 1500; x_wconf 87' lang='lat' dir='ltr'><strong>videri,</strong></span> 
     </span>
     <span class='ocr_line' id='line_1_19' title="bbox 258 1508 1621 1576; baseline 0.001 -16"><span class='ocrx_word' id='word_1_135' title='bbox 258 1508 507 1562; x_wconf 82' lang='lat' dir='ltr'><strong>notitiam</strong></span> <span class='ocrx_word' id='word_1_136' title='bbox 542 1509 724 1576; x_wconf 89' lang='lat' dir='ltr'><strong>potius</strong></span> <span class='ocrx_word' id='word_1_137' title='bbox 761 1508 1027 1576; x_wconf 83' lang='lat' dir='ltr'><strong>praebere</strong></span> <span class='ocrx_word' id='word_1_138' title='bbox 1061 1512 1124 1562; x_wconf 90' lang='lat' dir='ltr'><strong>ut</strong></span> <span class='ocrx_word' id='word_1_139' title='bbox 1158 1523 1318 1576; x_wconf 86' lang='lat' dir='ltr'><strong>posse</strong></span> <span class='ocrx_word' id='word_1_140' title='bbox 1353 1512 1621 1576; x_wconf 79' lang='lat' dir='ltr'><strong>putentur</strong></span> 
     </span>
     <span class='ocr_line' id='line_1_20' title="bbox 258 1583 1958 1651; baseline 0.002 -15"><span class='ocrx_word' id='word_1_141' title='bbox 258 1583 393 1651; x_wconf 91' lang='lat' dir='ltr'><strong>quid</strong></span> <span class='ocrx_word' id='word_1_142' title='bbox 426 1585 498 1637; x_wconf 90' lang='lat' dir='ltr'><strong>sit</strong></span> <span class='ocrx_word' id='word_1_143' title='bbox 533 1585 680 1637; x_wconf 84' lang='lat' dir='ltr'><strong>vitali</strong></span> <span class='ocrx_word' id='word_1_144' title='bbox 720 1588 871 1636; x_wconf 88' lang='lat' dir='ltr'><strong>motu</strong></span> <span class='ocrx_word' id='word_1_145' title='bbox 908 1600 1178 1651; x_wconf 88' lang='lat' dir='ltr'><strong>sensuque</strong></span> <span class='ocrx_word' id='word_1_146' title='bbox 1213 1585 1497 1637; x_wconf 88' lang='lat' dir='ltr'><strong>remotum.</strong></span> <span class='ocrx_word' id='word_1_147' title='bbox 1884 1599 1958 1639; x_wconf 84' lang='lat'><strong>125</strong></span> 
     </span>
     <span class='ocr_line' id='line_1_21' title="bbox 258 1658 1884 1730; baseline 0.002 -18"><span class='ocrx_word' id='word_1_148' title='bbox 258 1660 460 1728; x_wconf 89' lang='lat' dir='ltr'><strong>quippe</strong></span> <span class='ocrx_word' id='word_1_149' title='bbox 496 1660 698 1713; x_wconf 84' lang='lat' dir='ltr'><strong>etenim</strong></span> <span class='ocrx_word' id='word_1_150' title='bbox 735 1676 841 1712; x_wconf 89' lang='lat' dir='ltr'><strong>non</strong></span> <span class='ocrx_word' id='word_1_151' title='bbox 878 1664 977 1725; x_wconf 85' lang='lat' dir='ltr'><strong>est,</strong></span> <span class='ocrx_word' id='word_1_152' title='bbox 1015 1677 1137 1712; x_wconf 81' lang='lat' dir='ltr'><strong>cum</strong></span> <span class='ocrx_word' id='word_1_153' title='bbox 1175 1658 1365 1727; x_wconf 85' lang='lat' dir='ltr'><strong>quovis</strong></span> <span class='ocrx_word' id='word_1_154' title='bbox 1402 1677 1631 1730; x_wconf 88' lang='lat' dir='ltr'><strong>corpore</strong></span> <span class='ocrx_word' id='word_1_155' title='bbox 1665 1666 1729 1716; x_wconf 89' lang='lat' dir='ltr'><strong>ut</strong></span> <span class='ocrx_word' id='word_1_156' title='bbox 1763 1677 1884 1715; x_wconf 88' lang='lat' dir='ltr'><strong>esse</strong></span> 
     </span>
     <span class='ocr_line' id='line_1_22' title="bbox 256 1734 1564 1805; baseline -0.001 -15"><span class='ocrx_word' id='word_1_157' title='bbox 256 1751 419 1805; x_wconf 87' lang='lat' dir='ltr'><strong>posse</strong></span> <span class='ocrx_word' id='word_1_158' title='bbox 453 1735 617 1789; x_wconf 88' lang='lat' dir='ltr'><strong>animi</strong></span> <span class='ocrx_word' id='word_1_159' title='bbox 654 1738 849 1789; x_wconf 84' lang='lat' dir='ltr'><strong>natura</strong></span> <span class='ocrx_word' id='word_1_160' title='bbox 883 1738 1111 1805; x_wconf 80' lang='lat' dir='ltr'><strong>putetur</strong></span> <span class='ocrx_word' id='word_1_161' title='bbox 1147 1734 1564 1804; x_wconf 83' lang='lat' dir='ltr'><strong>consiliumque3</strong></span> 
     </span>
     <span class='ocr_line' id='line_1_23' title="bbox 254 1812 1693 1880; baseline -0.001 -14"><span class='ocrx_word' id='word_1_162' title='bbox 254 1812 397 1866; x_wconf 88' lang='lat' dir='ltr'><strong>sicut</strong></span> <span class='ocrx_word' id='word_1_163' title='bbox 431 1813 488 1866; x_wconf 93' lang='lat' dir='ltr'><strong>in</strong></span> <span class='ocrx_word' id='word_1_164' title='bbox 523 1812 749 1865; x_wconf 85' lang='lat' dir='ltr'><strong>aethere</strong></span> <span class='ocrx_word' id='word_1_165' title='bbox 782 1829 889 1865; x_wconf 91' lang='lat' dir='ltr'><strong>non</strong></span> <span class='ocrx_word' id='word_1_166' title='bbox 926 1812 1103 1872; x_wconf 80' lang='lat' dir='ltr'><strong>arbor,</strong></span> <span class='ocrx_word' id='word_1_167' title='bbox 1138 1828 1245 1865; x_wconf 90' lang='grc'><strong>11011</strong></span> <span class='ocrx_word' id='word_1_168' title='bbox 1282 1828 1518 1880; x_wconf 82' lang='lat' dir='ltr'><strong>aequore</strong></span> <span class='ocrx_word' id='word_1_169' title='bbox 1553 1814 1693 1867; x_wconf 85' lang='lat' dir='ltr'><strong>salso</strong></span> 
     </span>
     <span class='ocr_line' id='line_1_24' title="bbox 258 1888 1744 1957; baseline 0.003 -17"><span class='ocrx_word' id='word_1_170' title='bbox 258 1888 430 1942; x_wconf 87' lang='lat' dir='ltr'><strong>nubes</strong></span> <span class='ocrx_word' id='word_1_171' title='bbox 466 1905 585 1941; x_wconf 88' lang='grc'><strong>0330</strong></span> <span class='ocrx_word' id='word_1_172' title='bbox 621 1893 829 1957; x_wconf 70' lang='lat' dir='ltr'><strong>quetmt</strong></span> <span class='ocrx_word' id='word_1_173' title='bbox 863 1905 1042 1957; x_wconf 89' lang='lat' dir='ltr'><strong>neque</strong></span> <span class='ocrx_word' id='word_1_174' title='bbox 1077 1890 1254 1957; x_wconf 85' lang='lat' dir='ltr'><strong>pisces</strong></span> <span class='ocrx_word' id='word_1_175' title='bbox 1290 1888 1473 1942; x_wconf 86' lang='lat' dir='ltr'><strong>vivere</strong></span> <span class='ocrx_word' id='word_1_176' title='bbox 1511 1890 1566 1942; x_wconf 90' lang='lat' dir='ltr'><strong>in</strong></span> <span class='ocrx_word' id='word_1_177' title='bbox 1602 1893 1744 1944; x_wconf 81' lang='lat' dir='ltr'><strong>arvis</strong></span> 
     </span>
     <span class='ocr_line' id='line_1_25' title="bbox 255 1963 1956 2033; baseline 0.002 -16"><span class='ocrx_word' id='word_1_178' title='bbox 255 1980 356 2019; x_wconf 87' lang='grc'><strong>1100</strong></span> <span class='ocrx_word' id='word_1_179' title='bbox 391 1981 551 2018; x_wconf 88' lang='lat' dir='ltr'><strong>cruor</strong></span> <span class='ocrx_word' id='word_1_180' title='bbox 585 1964 642 2017; x_wconf 89' lang='lat' dir='ltr'><strong>in</strong></span> <span class='ocrx_word' id='word_1_181' title='bbox 677 1963 840 2033; x_wconf 87' lang='lat' dir='ltr'><strong>lignis</strong></span> <span class='ocrx_word' id='word_1_182' title='bbox 874 1982 1053 2033; x_wconf 88' lang='lat' dir='ltr'><strong>neque</strong></span> <span class='ocrx_word' id='word_1_183' title='bbox 1090 1965 1234 2017; x_wconf 78' lang='lat' dir='ltr'><strong>saxis</strong></span> <span class='ocrx_word' id='word_1_184' title='bbox 1271 1980 1432 2019; x_wconf 87' lang='lat' dir='ltr'><strong>sucus</strong></span> <span class='ocrx_word' id='word_1_185' title='bbox 1467 1966 1658 2019; x_wconf 86' lang='lat' dir='ltr'><strong>inesse.</strong></span> <span class='ocrx_word' id='word_1_186' title='bbox 1883 1982 1956 2021; x_wconf 83' lang='lat'><strong>130</strong></span> 
     </span>
     <span class='ocr_line' id='line_1_26' title="bbox 257 2040 1919 2110; baseline 0.001 -15"><span class='ocrx_word' id='word_1_187' title='bbox 257 2044 467 2095; x_wconf 86' lang='lat' dir='ltr'><strong>certum</strong></span> <span class='ocrx_word' id='word_1_188' title='bbox 505 2058 569 2095; x_wconf 88' lang='lat' dir='ltr'><strong>ac</strong></span> <span class='ocrx_word' id='word_1_189' title='bbox 604 2040 986 2110; x_wconf 84' lang='lat' dir='ltr'><strong>dispositumst</strong></span> <span class='ocrx_word' id='word_1_190' title='bbox 1022 2040 1117 2093; x_wconf 83' lang='lat' dir='ltr'><strong>ubi</strong></span> <span class='ocrx_word' id='word_1_191' title='bbox 1155 2040 1402 2109; x_wconf 84' lang='lat' dir='ltr'><strong>quicquit</strong></span> <span class='ocrx_word' id='word_1_192' title='bbox 1435 2046 1648 2095; x_wconf 86' lang='lat' dir='ltr'><strong>crescat</strong></span> <span class='ocrx_word' id='word_1_193' title='bbox 1681 2046 1740 2096; x_wconf 88' lang='lat' dir='ltr'><strong>et</strong></span> <span class='ocrx_word' id='word_1_194' title='bbox 1773 2042 1919 2097; x_wconf 89' lang='lat' dir='ltr'><strong>insit.</strong></span> 
     </span>
     <span class='ocr_line' id='line_1_27' title="bbox 258 2117 1576 2184; baseline 0.001 -15"><span class='ocrx_word' id='word_1_195' title='bbox 258 2117 333 2171; x_wconf 88' lang='lat' dir='ltr'><strong>sic</strong></span> <span class='ocrx_word' id='word_1_196' title='bbox 370 2117 534 2171; x_wconf 85' lang='lat' dir='ltr'><strong>animi</strong></span> <span class='ocrx_word' id='word_1_197' title='bbox 571 2121 767 2170; x_wconf 84' lang='lat' dir='ltr'><strong>natura</strong></span> <span class='ocrx_word' id='word_1_198' title='bbox 802 2118 993 2184; x_wconf 85' lang='lat' dir='ltr'><strong>nequit</strong></span> <span class='ocrx_word' id='word_1_199' title='bbox 1030 2118 1147 2170; x_wconf 87' lang='lat' dir='ltr'><strong>sine</strong></span> <span class='ocrx_word' id='word_1_200' title='bbox 1183 2132 1410 2184; x_wconf 85' lang='lat' dir='ltr'><strong>corpore</strong></span> <span class='ocrx_word' id='word_1_201' title='bbox 1447 2118 1576 2170; x_wconf 83' lang='lat' dir='ltr'><strong>oriri</strong></span> 
     </span>
     <span class='ocr_line' id='line_1_28' title="bbox 256 2192 1695 2262; baseline 0.001 -17"><span class='ocrx_word' id='word_1_202' title='bbox 256 2192 371 2246; x_wconf 87' lang='lat' dir='ltr'><strong>sola</strong></span> <span class='ocrx_word' id='word_1_203' title='bbox 404 2210 581 2262; x_wconf 90' lang='lat' dir='ltr'><strong>neque</strong></span> <span class='ocrx_word' id='word_1_204' title='bbox 617 2210 650 2246; x_wconf 89' lang='lat' dir='ltr'><strong>a</strong></span> <span class='ocrx_word' id='word_1_205' title='bbox 684 2194 865 2246; x_wconf 86' lang='lat' dir='ltr'><strong>nervis</strong></span> <span class='ocrx_word' id='word_1_206' title='bbox 901 2197 958 2246; x_wconf 85' lang='lat' dir='ltr'><strong>et</strong></span> <span class='ocrx_word' id='word_1_207' title='bbox 996 2192 1256 2260; x_wconf 84' lang='lat' dir='ltr'><strong>sanguiue</strong></span> <span class='ocrx_word' id='word_1_208' title='bbox 1291 2192 1526 2261; x_wconf 84' lang='lat' dir='ltr'><strong>longiter</strong></span> <span class='ocrx_word' id='word_1_209' title='bbox 1561 2210 1695 2247; x_wconf 90' lang='grc'><strong>0330.</strong></span> 
     </span>
     <span class='ocr_line' id='line_1_29' title="bbox 255 2267 1798 2338; baseline 0.003 -17"><span class='ocrx_word' id='word_1_210' title='bbox 255 2269 401 2337; x_wconf 89' lang='lat' dir='ltr'><strong>quod</strong></span> <span class='ocrx_word' id='word_1_211' title='bbox 438 2270 482 2322; x_wconf 83' lang='lat' dir='ltr'><strong>si</strong></span> <span class='ocrx_word' id='word_1_212' title='bbox 520 2270 729 2338; x_wconf 88' lang='lat' dir='ltr'><strong>(posset</strong></span> <span class='ocrx_word' id='word_1_213' title='bbox 762 2270 906 2323; x_wconf 87' lang='lat' dir='ltr'><strong>enim</strong></span> <span class='ocrx_word' id='word_1_214' title='bbox 946 2269 1117 2322; x_wconf 88' lang='lat' dir='ltr'><strong>multo</strong></span> <span class='ocrx_word' id='word_1_215' title='bbox 1155 2267 1324 2336; x_wconf 84' lang='lat' dir='ltr'><strong>prius)</strong></span> <span class='ocrx_word' id='word_1_216' title='bbox 1363 2270 1482 2338; x_wconf 86' lang='lat' dir='ltr'><strong>ipsa</strong></span> <span class='ocrx_word' id='word_1_217' title='bbox 1517 2270 1681 2323; x_wconf 87' lang='lat' dir='ltr'><strong>animi</strong></span> <span class='ocrx_word' id='word_1_218' title='bbox 1717 2272 1798 2325; x_wconf 85' lang='lat' dir='ltr'><strong>vis</strong></span> 
     </span>
     <span class='ocr_line' id='line_1_30' title="bbox 254 2344 1950 2415; baseline 0.003 -18"><span class='ocrx_word' id='word_1_219' title='bbox 254 2347 310 2398; x_wconf 84' lang='lat' dir='ltr'><strong>in</strong></span> <span class='ocrx_word' id='word_1_220' title='bbox 346 2346 527 2415; x_wconf 87' lang='lat' dir='ltr'><strong>capite</strong></span> <span class='ocrx_word' id='word_1_221' title='bbox 562 2350 659 2399; x_wconf 86' lang='lat' dir='ltr'><strong>aut</strong></span> <span class='ocrx_word' id='word_1_222' title='bbox 694 2346 899 2399; x_wconf 88' lang='lat' dir='ltr'><strong>umeris</strong></span> <span class='ocrx_word' id='word_1_223' title='bbox 934 2349 1030 2398; x_wconf 84' lang='lat' dir='ltr'><strong>aut</strong></span> <span class='ocrx_word' id='word_1_224' title='bbox 1066 2344 1188 2397; x_wconf 87' lang='lat' dir='ltr'><strong>imis</strong></span> <span class='ocrx_word' id='word_1_225' title='bbox 1223 2345 1461 2399; x_wconf 80' lang='lat' dir='ltr'><strong>calcibus</strong></span> <span class='ocrx_word' id='word_1_226' title='bbox 1496 2362 1618 2401; x_wconf 91' lang='grc'><strong>0330</strong></span> <span class='ocrx_word' id='word_1_227' title='bbox 1876 2364 1950 2403; x_wconf 77' lang='grc'><strong>135</strong></span> 
     </span>
     <span class='ocr_line' id='line_1_31' title="bbox 253 2422 1540 2491; baseline 0.002 -16"><span class='ocrx_word' id='word_1_228' title='bbox 253 2425 439 2491; x_wconf 88' lang='lat' dir='ltr'><strong>posset</strong></span> <span class='ocrx_word' id='word_1_229' title='bbox 474 2425 534 2477; x_wconf 89' lang='lat' dir='ltr'><strong>et</strong></span> <span class='ocrx_word' id='word_1_230' title='bbox 567 2422 773 2475; x_wconf 79' lang='lat' dir='ltr'><strong>innasci</strong></span> <span class='ocrx_word' id='word_1_231' title='bbox 809 2423 1001 2490; x_wconf 87' lang='lat' dir='ltr'><strong>quavis</strong></span> <span class='ocrx_word' id='word_1_232' title='bbox 1034 2422 1090 2475; x_wconf 90' lang='lat' dir='ltr'><strong>in</strong></span> <span class='ocrx_word' id='word_1_233' title='bbox 1128 2424 1302 2490; x_wconf 89' lang='lat' dir='ltr'><strong>parte,</strong></span> <span class='ocrx_word' id='word_1_234' title='bbox 1339 2422 1540 2477; x_wconf 83' lang='lat' dir='ltr'><strong>soleret</strong></span> 
     </span>
     <span class='ocr_line' id='line_1_32' title="bbox 254 2497 1920 2565; baseline 0.003 -15"><span class='ocrx_word' id='word_1_235' title='bbox 254 2497 475 2551; x_wconf 86' lang='lat' dir='ltr'><strong>tandem</strong></span> <span class='ocrx_word' id='word_1_236' title='bbox 501 2498 558 2551; x_wconf 88' lang='lat' dir='ltr'><strong>in</strong></span> <span class='ocrx_word' id='word_1_237' title='bbox 584 2497 777 2551; x_wconf 89' lang='lat' dir='ltr'><strong>eodem</strong></span> <span class='ocrx_word' id='word_1_238' title='bbox 802 2498 1015 2551; x_wconf 89' lang='lat' dir='ltr'><strong>homine</strong></span> <span class='ocrx_word' id='word_1_239' title='bbox 1041 2502 1209 2565; x_wconf 86' lang='lat' dir='ltr'><strong>atque</strong></span> <span class='ocrx_word' id='word_1_240' title='bbox 1233 2498 1290 2550; x_wconf 90' lang='lat' dir='ltr'><strong>in</strong></span> <span class='ocrx_word' id='word_1_241' title='bbox 1315 2498 1509 2552; x_wconf 89' lang='lat' dir='ltr'><strong>eodem</strong></span> <span class='ocrx_word' id='word_1_242' title='bbox 1533 2514 1662 2553; x_wconf 86' lang='lat' dir='ltr'><strong>vase</strong></span> <span class='ocrx_word' id='word_1_243' title='bbox 1685 2516 1920 2555; x_wconf 89' lang='lat' dir='ltr'><strong>manere.</strong></span> 
     </span>
     <span class='ocr_line' id='line_1_33' title="bbox 254 2574 2008 2643; baseline 0.004 -18"><span class='ocrx_word' id='word_1_244' title='bbox 254 2574 402 2640; x_wconf 86' lang='lat' dir='ltr'><strong>quod</strong></span> <span class='ocrx_word' id='word_1_245' title='bbox 438 2575 693 2641; x_wconf 87' lang='lat' dir='ltr'><strong>quoniam</strong></span> <span class='ocrx_word' id='word_1_246' title='bbox 726 2579 916 2628; x_wconf 84' lang='lat' dir='ltr'><strong>nostro</strong></span> <span class='ocrx_word' id='word_1_247' title='bbox 952 2591 1168 2643; x_wconf 86' lang='lat' dir='ltr'><strong>quoque</strong></span> <span class='ocrx_word' id='word_1_248' title='bbox 1201 2577 1414 2627; x_wconf 88' lang='lat' dir='ltr'><strong>constat</strong></span> <span class='ocrx_word' id='word_1_249' title='bbox 1449 2590 1674 2643; x_wconf 87' lang='lat' dir='ltr'><strong>corpore</strong></span> <span class='ocrx_word' id='word_1_250' title='bbox 1707 2580 1918 2630; x_wconf 87' lang='lat' dir='ltr'><strong>certum</strong></span> <span class='ocrx_word' id='word_1_251' title='bbox 2001 2628 2008 2633; x_wconf 82' lang='grc'><strong>,</strong></span> 
     </span>
     <span class='ocr_line' id='line_1_34' title="bbox 255 2650 1808 2721; baseline 0.004 -20"><span class='ocrx_word' id='word_1_252' title='bbox 255 2650 687 2719; x_wconf 85' lang='lat' dir='ltr'><strong>dispositumque</strong></span> <span class='ocrx_word' id='word_1_253' title='bbox 722 2650 942 2703; x_wconf 86' lang='lat' dir='ltr'><strong>videtur</strong></span> <span class='ocrx_word' id='word_1_254' title='bbox 974 2650 1069 2704; x_wconf 89' lang='lat' dir='ltr'><strong>ubi</strong></span> <span class='ocrx_word' id='word_1_255' title='bbox 1106 2666 1225 2704; x_wconf 86' lang='grc'><strong>0330</strong></span> <span class='ocrx_word' id='word_1_256' title='bbox 1259 2653 1319 2705; x_wconf 89' lang='lat' dir='ltr'><strong>et</strong></span> <span class='ocrx_word' id='word_1_257' title='bbox 1353 2667 1598 2705; x_wconf 84' lang='lat' dir='ltr'><strong>crescere</strong></span> <span class='ocrx_word' id='word_1_258' title='bbox 1633 2654 1808 2721; x_wconf 87' lang='lat' dir='ltr'><strong>possit</strong></span> 
     </span>
     <span class='ocr_line' id='line_1_35' title="bbox 255 2726 1957 2795; baseline 0.004 -18"><span class='ocrx_word' id='word_1_259' title='bbox 255 2740 497 2779; x_wconf 84' lang='lat' dir='ltr'><strong>seorsum</strong></span> <span class='ocrx_word' id='word_1_260' title='bbox 514 2726 693 2778; x_wconf 85' lang='lat' dir='ltr'><strong>anima</strong></span> <span class='ocrx_word' id='word_1_261' title='bbox 710 2730 877 2792; x_wconf 83' lang='lat' dir='ltr'><strong>atque</strong></span> <span class='ocrx_word' id='word_1_262' title='bbox 896 2727 1123 2793; x_wconf 82' lang='grc'><strong>3111111113,</strong></span> <span class='ocrx_word' id='word_1_263' title='bbox 1142 2729 1299 2781; x_wconf 85' lang='lat' dir='ltr'><strong>tanto</strong></span> <span class='ocrx_word' id='word_1_264' title='bbox 1316 2726 1491 2795; x_wconf 83' lang='lat' dir='ltr'><strong>magis</strong></span> <span class='ocrx_word' id='word_1_265' title='bbox 1507 2726 1850 2782; x_wconf 88' lang='lat' dir='ltr'><strong>infitiandum</strong></span> <span class='ocrx_word' id='word_1_266' title='bbox 1882 2742 1957 2783; x_wconf 82' lang='lat'><strong>140</strong></span> 
     </span>
     <span class='ocr_line' id='line_1_36' title="bbox 253 2802 1746 2871; baseline 0.001 -16"><span class='ocrx_word' id='word_1_267' title='bbox 253 2804 431 2855; x_wconf 90' lang='lat' dir='ltr'><strong>totum</strong></span> <span class='ocrx_word' id='word_1_268' title='bbox 467 2817 627 2871; x_wconf 81' lang='lat' dir='ltr'><strong>posse</strong></span> <span class='ocrx_word' id='word_1_269' title='bbox 662 2806 821 2855; x_wconf 86' lang='lat' dir='ltr'><strong>extra</strong></span> <span class='ocrx_word' id='word_1_270' title='bbox 854 2819 1051 2871; x_wconf 86' lang='lat' dir='ltr'><strong>corpus</strong></span> <span class='ocrx_word' id='word_1_271' title='bbox 1084 2802 1424 2871; x_wconf 86' lang='lat' dir='ltr'><strong>formamque</strong></span> <span class='ocrx_word' id='word_1_272' title='bbox 1457 2802 1746 2857; x_wconf 80' lang='lat' dir='ltr'><strong>animalem</strong></span> 
     </span>
     <span class='ocr_line' id='line_1_37' title="bbox 253 2876 1660 2947; baseline 0.001 -17"><span class='ocrx_word' id='word_1_273' title='bbox 253 2876 508 2946; x_wconf 88' lang='lat' dir='ltr'><strong>putribus</strong></span> <span class='ocrx_word' id='word_1_274' title='bbox 540 2877 595 2933; x_wconf 91' lang='lat' dir='ltr'><strong>in</strong></span> <span class='ocrx_word' id='word_1_275' title='bbox 631 2877 805 2946; x_wconf 87' lang='lat' dir='ltr'><strong>glebis</strong></span> <span class='ocrx_word' id='word_1_276' title='bbox 840 2881 1113 2933; x_wconf 86' lang='lat' dir='ltr'><strong>terrarum</strong></span> <span class='ocrx_word' id='word_1_277' title='bbox 1149 2882 1245 2932; x_wconf 91' lang='lat' dir='ltr'><strong>aut</strong></span> <span class='ocrx_word' id='word_1_278' title='bbox 1281 2879 1409 2932; x_wconf 88' lang='lat' dir='ltr'><strong>solis</strong></span> <span class='ocrx_word' id='word_1_279' title='bbox 1445 2878 1512 2931; x_wconf 79' lang='lat' dir='ltr'><strong>in</strong></span> <span class='ocrx_word' id='word_1_280' title='bbox 1546 2879 1660 2947; x_wconf 89' lang='lat' dir='ltr'><strong>igni</strong></span> 
     </span>
     <span class='ocr_line' id='line_1_38' title="bbox 254 2953 1580 3021; baseline 0.002 -16"><span class='ocrx_word' id='word_1_281' title='bbox 254 2956 351 3007; x_wconf 86' lang='lat' dir='ltr'><strong>aut</strong></span> <span class='ocrx_word' id='word_1_282' title='bbox 383 2953 440 3006; x_wconf 89' lang='lat' dir='ltr'><strong>in</strong></span> <span class='ocrx_word' id='word_1_283' title='bbox 476 2969 618 3021; x_wconf 84' lang='lat' dir='ltr'><strong>aqua</strong></span> <span class='ocrx_word' id='word_1_284' title='bbox 652 2954 853 3007; x_wconf 88' lang='lat' dir='ltr'><strong>durare</strong></span> <span class='ocrx_word' id='word_1_285' title='bbox 888 2958 986 3007; x_wconf 87' lang='lat' dir='ltr'><strong>aut</strong></span> <span class='ocrx_word' id='word_1_286' title='bbox 1020 2955 1147 3009; x_wconf 86' lang='lat' dir='ltr'><strong>altis</strong></span> <span class='ocrx_word' id='word_1_287' title='bbox 1182 2955 1420 3008; x_wconf 87' lang='lat' dir='ltr'><strong>aetheris</strong></span> <span class='ocrx_word' id='word_1_288' title='bbox 1455 2955 1580 3008; x_wconf 90' lang='lat' dir='ltr'><strong>oris.</strong></span> 
     </span>
     <span class='ocr_line' id='line_1_39' title="bbox 252 3026 1620 3098; baseline 0.003 -19"><span class='ocrx_word' id='word_1_289' title='bbox 252 3026 400 3080; x_wconf 87' lang='lat' dir='ltr'><strong>haud</strong></span> <span class='ocrx_word' id='word_1_290' title='bbox 436 3028 606 3095; x_wconf 77' lang='lat' dir='ltr'><strong>igitur</strong></span> <span class='ocrx_word' id='word_1_291' title='bbox 640 3033 894 3084; x_wconf 87' lang='lat' dir='ltr'><strong>constant</strong></span> <span class='ocrx_word' id='word_1_292' title='bbox 930 3029 1115 3083; x_wconf 84' lang='lat' dir='ltr'><strong>divino</strong></span> <span class='ocrx_word' id='word_1_293' title='bbox 1150 3029 1407 3098; x_wconf 87' lang='lat' dir='ltr'><strong>praedita</strong></span> <span class='ocrx_word' id='word_1_294' title='bbox 1441 3046 1620 3098; x_wconf 88' lang='lat' dir='ltr'><strong>sensu,</strong></span> 
     </span>
     <span class='ocr_line' id='line_1_40' title="bbox 255 3102 1956 3173; baseline 0.006 -20"><span class='ocrx_word' id='word_1_295' title='bbox 255 3102 695 3171; x_wconf 87' lang='lat' dir='ltr'><strong>quandoquidem</strong></span> <span class='ocrx_word' id='word_1_296' title='bbox 730 3109 1009 3173; x_wconf 82' lang='lat' dir='ltr'><strong>nequeunt</strong></span> <span class='ocrx_word' id='word_1_297' title='bbox 1042 3105 1286 3159; x_wconf 76' lang='lat' dir='ltr'><strong>vitaliter</strong></span> <span class='ocrx_word' id='word_1_298' title='bbox 1319 3122 1439 3158; x_wconf 87' lang='lat' dir='ltr'><strong>esse</strong></span> <span class='ocrx_word' id='word_1_299' title='bbox 1473 3106 1727 3159; x_wconf 85' lang='lat' dir='ltr'><strong>animata.</strong></span> <span class='ocrx_word' id='word_1_300' title='bbox 1882 3121 1956 3164; x_wconf 79' lang='lat'><strong>145</strong></span> 
     </span>
     <span class='ocr_line' id='line_1_41' title="bbox 325 3176 1687 3249; baseline 0.003 -16"><span class='ocrx_word' id='word_1_301' title='bbox 325 3176 473 3233; x_wconf 88' lang='lat' dir='ltr'><strong>Illud</strong></span> <span class='ocrx_word' id='word_1_302' title='bbox 508 3178 639 3233; x_wconf 79' lang='lat' dir='ltr'><strong>item</strong></span> <span class='ocrx_word' id='word_1_303' title='bbox 678 3196 786 3234; x_wconf 85' lang='lat' dir='ltr'><strong>non</strong></span> <span class='ocrx_word' id='word_1_304' title='bbox 822 3184 907 3235; x_wconf 86' lang='lat' dir='ltr'><strong>est</strong></span> <span class='ocrx_word' id='word_1_305' title='bbox 941 3184 1004 3233; x_wconf 88' lang='lat' dir='ltr'><strong>ut</strong></span> <span class='ocrx_word' id='word_1_306' title='bbox 1038 3180 1213 3249; x_wconf 84' lang='lat' dir='ltr'><strong>possis</strong></span> <span class='ocrx_word' id='word_1_307' title='bbox 1249 3178 1488 3244; x_wconf 86' lang='lat' dir='ltr'><strong>credere,</strong></span> <span class='ocrx_word' id='word_1_308' title='bbox 1524 3180 1687 3241; x_wconf 74' lang='lat' dir='ltr'><strong>sedes,</strong></span> 
     </span>
    </p>
   </div>
   <div class='ocr_carea' id='block_1_3' title="bbox 19 3231 691 3367">
    <p class='ocr_par' dir='ltr' id='par_1_3' title="bbox 19 3231 691 3367">
     <span class='ocr_line' id='line_1_42' title="bbox 19 3231 691 3367; baseline 0.009 -78"><span class='ocrx_word' id='word_1_309' title='bbox 19 3231 244 3295; x_wconf 52' lang='lat' dir='ltr'><strong>‚mnia</strong></span> <span class='ocrx_word' id='word_1_310' title='bbox 276 3262 425 3367; x_wconf 42' lang='grc' dir='ltr'><strong>,θ</strong></span> <span class='ocrx_word' id='word_1_311' title='bbox 515 3260 559 3317; x_wconf 59' lang='grc' dir='ltr'><strong><em>χ</em></strong></span> <span class='ocrx_word' id='word_1_312' title='bbox 604 3262 691 3333; x_wconf 51' lang='grc' dir='ltr'><strong>ψ</strong></span> 
     </span>
    </p>
   </div>
   <div class='ocr_carea' id='block_1_4' title="bbox 354 3317 695 3527">
    <p class='ocr_par' dir='ltr' id='par_1_4' title="bbox 354 3317 695 3527">
     <span class='ocr_line' id='line_1_43' title="bbox 354 3317 695 3527; baseline 0 0"><span class='ocrx_word' id='word_1_313' title='bbox 354 3317 695 3527; x_wconf 52' lang='lat' dir='ltr'><strong>&gt;w</strong></span> 
     </span>
    </p>
   </div>
  </div>
 </body>
</html>
