2259 3550
222 71 298 129 90
996 71 1142 130 IIII

217 174 390 228 multa
425 175 649 241 minuta,
686 175 789 229 iaci
824 190 965 244 quae
998 177 1211 245 possint
1245 176 1436 231 ordine
1473 177 1667 232 eodem

217 267 326 318 quo
361 251 566 304 fuerint
600 255 660 305 et
693 251 889 306 formai
924 267 1144 307 servare
1177 253 1424 321 figuram,

217 331 275 381 et
311 327 485 381 multo
521 327 697 394 citius,
734 331 941 396 quanto
977 328 1158 382 min'us
1191 329 1508 398 indupediri
1871 343 1918 385 ⁷0

215 419 391 470 pauca
425 408 632 470 queunt
666 407 725 457 et
762 407 889 457 sunt
926 404 992 456 in
1027 405 1203 472 prima
1237 405 1420 458 fronte
1452 406 1643 459 locata.

216 495 343 532 nam
380 483 533 533 certe
566 480 745 535 iacere
778 496 842 534 ac
878 480 1067 548 largiri
1101 481 1277 534 multa
1312 481 1574 546 videmuS,

216 571 321 608 non
358 556 529 608 solum
566 573 634 609 ex
670 557 781 609 alto
817 557 1161 625 penitusque,
1197 561 1262 610 ut
1297 557 1538 610 diximus
1571 561 1718 625 ante,

215 647 405 685 verum
441 631 513 686 de
548 633 772 685 summis
804 634 983 702 ipsum
1020 649 1234 701 quoque
1270 651 1434 702 saepe
1468 633 1718 687 colorem.

218 711 278 760 et
312 709 469 775 volgo
502 709 709 762 faciunt
744 709 803 762 id
838 709 989 762 lutea
1023 725 1287 777 russaque
1321 710 1443 764 vela
1771 729 1776 735 ·
1871 721 1921 764 75

218 786 277 836 et
310 783 602 852 ferrugina,
640 801 763 838 cum
799 785 1008 852 magnis
1042 785 1259 839 intenta
1293 785 1528 840 theatris

218 875 319 928 per
351 860 521 914 malos
556 861 773 928 volgata
807 861 1098 929 trabesque
1134 861 1430 916 trementia
1463 861 1676 919 flutant.

218 951 451 1004 namque
484 936 560 989 ibi
596 953 903 990 consessum
942 937 1125 990 caveai
1163 940 1355 1007 supter
1390 941 1448 991 et
1484 953 1698 990 omnem

220 1013 430 1066 scaenai
467 1013 721 1082 speciem,
757 1015 976 1082 patrum
1013 1016 1339 1081 coetumque
1373 1014 1636 1068 decorum

216 1088 467 1142 inficiunt
501 1092 809 1156 coguntque
845 1105 941 1142 suo
976 1089 1194 1142 fluitare
1229 1089 1426 1142 colore.
1873 1101 1922 1142 so

222 1167 279 1217 et
314 1167 517 1232 quanto
552 1164 753 1217 circum
789 1181 950 1232 mage
985 1167 1112 1218 suut
1147 1164 1354 1218 inclusa
1390 1165 1597 1218 theatri

220 1240 503 1307 moenibu'‚
539 1243 653 1292 tam
689 1240 862 1308 magis
896 1241 1030 1297 haec
1066 1241 1215 1294 intus
1249 1241 1472 1308 perfusa
1504 1240 1694 1310 lepore

222 1316 401 1368 omnia
436 1317 719 1370 conrident
754 1321 1008 1386 correpta
1042 1316 1164 1370 luce
1200 1315 1323 1370 diei.

220 1408 350 1459 ergo
385 1392 552 1445 lintea
588 1393 657 1445 de
694 1409 905 1446 summo
940 1409 1064 1446 cum
1100 1409 1327 1461 corpore
1360 1393 1546 1447 fucum

220 1469 463 1534 mittunt,
501 1469 706 1536 effigias
742 1485 957 1538 quoque
994 1469 1204 1542 debent
1238 1469 1459 1523 mittere
1495 1469 1674 1523 tenvis
1875 1484 1923 1524 8⁵

220 1561 311 1598 res
346 1561 608 1612 quaeque,
646 1563 714 1598 ex
750 1561 959 1598 summo
996 1545 1249 1611 quoniam
1285 1544 1592 1598 iaculantur
1626 1544 1877 1614 utraque.

222 1625 350 1674 sunt
386 1622 553 1687 igitur
589 1621 696 1674 iam
732 1622 1025 1673 formarum
1067 1620 1296 1687 vestigia
1333 1624 1486 1674 certa

221 1714 361 1764 quae
399 1697 553 1766 volgo
591 1697 821 1750 volitant
856 1696 1042 1765 suptili
1077 1697 1334 1764 praedita
1369 1695 1460 1748 filo

221 1790 322 1827 nec
358 1772 670 1841 singillatim
706 1779 935 1843 possunt
971 1777 1186 1827 secreta
1223 1772 1411 1826 videri.

222 1853 509 1919 praeterea
544 1850 715 1903 omnis
751 1850 887 1902 odor
921 1850 1101 1902 fumus
1137 1866 1306 1917 vapor
1341 1854 1510 1918 atque
1544 1849 1684 1905 aliae
1717 1866 1808 1905 res
1876 1864 1924 1905 9⁰

224 1927 526 1981 consimiles
560 1926 684 1979 ideo
721 1926 949 1980 diffusae
984 1943 1015 1979 e
1051 1926 1216 1979 rebus
1249 1926 1546 1993 abundant,

225 2020 294 2056 ex
331 2004 441 2056 alto
478 2004 603 2071 quia
637 2002 768 2055 dum
807 2003 1031 2055 veniunt
1066 2002 1396 2056 intrinsecus
1432 2006 1602 2067 ortae,

226 2079 547 2133 scinduntur
582 2096 682 2147 per
716 2079 823 2132 iter
860 2079 1079 2142 flexum,
1117 2095 1218 2131 nec
1254 2081 1406 2131 recta
1440 2078 1650 2133 viarum

226 2155 367 2209 ostia
403 2159 529 2209 sunt
565 2172 674 2223 qua
710 2155 1044 2208 contendant
1082 2154 1234 2207 exire
1269 2158 1500 2208 coortae.

226 2234 286 2284 at
322 2234 511 2285 contra
545 2232 726 2285 tenuis
764 2231 959 2284 summi
994 2230 1312 2283 membrana
1349 2231 1546 2284 coloris
1882 2245 1930 2284 ⁰5

222 2324 346 2363 cum
380 2308 590 2375 iacitur,
626 2308 702 2361 nil
738 2313 825 2361 est
858 2307 1005 2376 quod
1041 2324 1163 2361 eam
1199 2307 1510 2375 discerpere
1546 2307 1732 2375 possit,

226 2385 281 2437 in
317 2392 578 2455 promptu
612 2386 864 2453 quoniam
900 2387 986 2436 est
1020 2384 1073 2435 in
1112 2384 1288 2451 prima
1323 2383 1504 2436 fronte
1537 2383 1725 2436 locata.

228 2465 505 2531 postremo
544 2461 775 2531 speculis
811 2462 865 2513 in
904 2478 1049 2529 aqua
1085 2460 1486 2529 splendoreque
1509 2459 1564 2512 in
1601 2462 1744 2511 omui

228 2554 601 2607 quaecumque
638 2540 905 2606 apparent
939 2536 1094 2589 nobis
1132 2536 1437 2603 simulacra,
1475 2542 1766 2603 necessest,

227 2612 669 2682 quandoquidem
706 2614 866 2667 simili
902 2614 1082 2681 specie
1118 2617 1246 2668 sunt
1282 2613 1536 2683 praedita
1566 2627 1752 2665 rerum
1860 2625 1933 2665 100

230 2690 457 2755 extima,
496 2690 819 2757 imaginibus
854 2691 1033 2743 missis
1070 2691 1364 2745 consistere
1400 2706 1599 2743 rerum.

230 2781 335 2812 ΝΛΜ
356 2781 452 2812 CUR
473 2781 586 2812 ILLA
606 2781 800 2813 CADANT
820 2782 973 2813 MAGIS
992 2784 1057 2814 AB
1078 2781 1334 2819 REBUSQUE.
1357 2778 1608 2813 REOEDANT

230 2848 335 2879 ΝΛΜ
358 2848 487 2886 QUAE
511 2848 697 2881 TENVIA
718 2850 843 2881 SUNT
863 2850 1144 2881 HISCENDIST
1165 2848 1330 2881 NULLA
1353 2848 1580 2880 POTESTAS

230 2917 359 2967 sunt
391 2915 559 2982 igitur
593 2919 788 2969 tenues
822 2916 1029 2967 formae
1064 2930 1250 2967 rerum
1287 2912 1596 2978 similesque

231 2990 456 3058 effigiae,
494 2992 805 3059 singillatim
842 3007 980 3059 quas
1017 3006 1241 3043 cernere
1277 3005 1436 3041 nemo
1862 3000 1933 3041 105

231 3083 355 3119 cum
391 3068 565 3135 possit
600 3072 799 3133 tamen,
836 3067 1065 3120 adsiduo
1101 3064 1405 3131 crebroque
1441 3064 1665 3133 repulsu

231 3142 465 3196 reiectae
502 3142 742 3196 reddunt
779 3142 1119 3210 speculorum
1165 3156 1232 3193 ex
1269 3154 1506 3207 aequore
1541 3139 1734 3205 visum,

20 3436 297 3499 d—k
