2259 3550
1147 107 1204 161 V
1917 107 2030 165 123

331 216 393 265 et
425 212 623 278 quibus
655 211 748 265 ille
782 211 961 266 modis
996 227 1324 280 congressus
1351 215 1603 268 materiai

328 287 577 341 fundarit
610 289 818 341 terram
850 288 1062 342 melum
1096 305 1250 342 mare
1285 289 1466 343 sidera
1501 288 1671 344 solem

328 363 587 433 lunaique
619 364 872 432 globum;
905 368 1024 419 tum
1061 383 1204 434 quae
1239 365 1438 420 tellure
1472 366 1776 420 animantes

329 440 634 508 extiterint,
668 443 727 494 et
764 457 905 510 quae
940 442 1087 499 nullo
1124 443 1234 500 sint
1267 446 1516 511 tempore
1551 443 1749 505 natae3
1986 456 2034 497 70

331 517 508 586 quove
540 516 704 591 modo
738 532 913 584 genus
948 518 1244 572 humanum
1281 519 1526 572 variante
1561 517 1798 584 loquella

330 593 574 662 coeperit
606 595 753 647 inter
787 611 845 646 se
882 595 1024 647 vesci
1062 611 1164 663 per
1200 594 1419 648 nomina
1452 610 1666 659 1·erum;

330 672 389 723 et
423 668 621 738 quibus
655 669 745 722 ille
780 669 961 722 modis
995 669 1176 724 divom
1213 673 1392 724 metus
1425 669 1714 723 insinuarit

329 753 571 813 pectora,
606 750 879 800 terrarum
914 747 1007 814 qui
1042 747 1097 799 in
1132 746 1254 800 orbi
1289 752 1479 801 sancta
1513 750 1703 800 tuetur

327 821 455 876 fana
489 821 639 875 lacus
672 821 823 876 lucos
857 839 981 876 aras
1016 823 1410 892 simulacraque
1445 823 1642 876 divom.
1990 835 2038 883 ⁷5

329 902 620 967 praeterea
654 898 782 952 solis
816 915 1007 952 cursus
1041 897 1312 968 lunaeque
1347 905 1560 953 meatus

329 974 621 1044 expediam
656 991 767 1044 qua
800 975 853 1028 vi
890 975 1079 1029 flectat
1112 978 1315 1029 natura
1347 973 1690 1043 gubernans;

329 1067 399 1104 ne
434 1051 578 1104 forte
613 1051 746 1105 haec
779 1052 925 1105 inter
958 1051 1168 1106 eaelum
1202 1055 1516 1119 terramque
1550 1067 1773 1106 reamur

327 1125 503 1180 libera
538 1131 735 1196 sponte
770 1144 868 1181 sua
902 1144 1092 1181 cursus
1127 1127 1365 1181 lustrare
1399 1127 1654 1196 perennis

328 1203 601 1270 morigera
636 1204 709 1256 ad
740 1205 927 1272 fruges
962 1204 1242 1272 augendas
1277 1207 1446 1272 atque
1479 1203 1786 1268 animantia,
1987 1218 2036 1254 so

328 1294 467 1332 neve
502 1279 685 1346 aliqua
720 1280 901 1334 divom
938 1279 1081 1334 volvi
1117 1280 1326 1333 ratione
1361 1282 1631 1348 putemus.

328 1371 457 1408 nam
492 1354 633 1409 bene
667 1355 762 1425 qui
797 1356 1039 1410 didicere
1076 1355 1208 1409 deos
1245 1371 1493 1408 securum
1529 1371 1692 1422 agere
1727 1371 1934 1422 aevom,

330 1431 379 1484 si
412 1433 599 1486 tamen
632 1431 845 1486 interea
880 1431 1150 1486 mirantur
1183 1447 1292 1500 qua
1327 1430 1538 1485 ratione

331 1523 579 1576 quaeque
613 1507 733 1575 geri
768 1507 999 1577 possint,
1036 1507 1362 1577 praesertim
1398 1507 1562 1561 rebus
1597 1507 1654 1560 in
1689 1507 1796 1561 illis

331 1601 472 1652 quae
509 1601 710 1653 supera
744 1588 911 1653 eaput
946 1584 1206 1640 aetheriis
1240 1588 1536 1638 cernuntur
1571 1584 1624 1636 in
1662 1584 1788 1651 orie,
1988 1598 2036 1634 af»

332 1675 519 1712 rursus
554 1659 611 1712 in
646 1660 899 1728 antiquas
934 1661 1250 1714 referuntur
1285 1660 1571 1728 religiones

332 1739 392 1791 et
428 1735 676 1791 dominos
710 1737 851 1791 aeris
888 1736 1214 1805 adsciscunt,
1249 1737 1444 1793 omnia·
1461 1753 1620 1806 posse

334 1830 471 1883 quos
504 1813 689 1867 miseri
726 1815 973 1878 credunt,
1009 1815 1182 1881 ignari
1219 1810 1363 1881 quid'
1388 1816 1553 1882 queat
1587 1830 1724 1881 esse,

333 1890 469 1958 quid
502 1894 757 1959 nequeat,
794 1891 951 1943 finita
984 1895 1234 1959 potestas
1269 1889 1506 1957 denique
1541 1890 1734 1957 cuique

333 1982 568 2033 quanam
606 1966 681 2020 sit
716 1967 927 2019 ratione
962 1972 1126 2033 atque
1163 1965 1276 2020 alte
1311 1967 1578 2019 terminus
1610 1966 1857 2020 haerens.
1990 1981 2036 2018 90

406 2041 567 2105 Quod
601 2046 868 2110 superest,
904 2058 973 2095 ne
1006 2044 1066 2094 te
1100 2041 1158 2093 in
1193 2041 1472 2109 promissis
1505 2041 1664 2109 plura
1698 2058 1988 2109 moremur,

332 2116 601 2185 principio
636 2116 807 2171 maria
842 2133 905 2171 ac
940 2121 1119 2171 terras
1153 2118 1472 2186 caelumque
1507 2122 1693 2181 tuere3

332 2209 564 2261 quorum
600 2197 851 2247 naturam
886 2194 1175 2262 triplicem,
1211 2193 1320 2247 tria
1355 2207 1600 2262 corpora,
1636 2193 1882 2261 Memmi,

332 2267 437 2321 tris
472 2269 680 2337 species
716 2272 831 2323 tam
867 2268 1159 2336 dissimilis,
1195 2269 1303 2322 tria
1339 2268 1472 2322 talia
1505 2270 1678 2333 texta,

332 2360 442 2397 una.
477 2344 595 2398 dies
630 2344 788 2399 dabit
822 2344 1007 2410 exiti0,
1043 2344 1354 2413 multosque
1388 2361 1491 2413 per
1523 2360 1694 2397 annos
1987 2360 2035 2396 95
2063 2390 2069 2395 .

335 2424 643 2474 sustentata
680 2428 803 2475 ruet
837 2420 1009 2475 moles
1044 2426 1103 2474 et
1139 2421 1388 2475 maehina
1422 2420 1626 2474 mundi.

334 2512 437 2551 nec
470 2513 560 2550 me
597 2497 760 2551 animi
796 2496 940 2553 fallit
972 2512 1136 2564 quarn
1176 2513 1264 2551 res
1299 2514 1439 2551 nova
1472 2497 1718 2564 miraque
1752 2495 1923 2553 menti

334 2572 549 2627 accidat
584 2574 808 2627 exitium
848 2573 985 2627 caeli
1020 2575 1312 2643 terraeque
1337 2575 1607 2640 futurum,

337 2652 396 2703 et
430 2665 595 2717 quam
632 2649 849 2703 difficile
885 2650 943 2703 id
978 2650 1111 2705 mihi
1149 2651 1221 2705 sit
1256 2651 1574 2719 pervincere
1609 2650 1802 2714 dictis;

336 2728 399 2779 ut
432 2724 499 2779 fit
534 2725 628 2780 ubi
663 2726 934 2780 insolitam
972 2741 1089 2781 rem
1124 2727 1390 2797 adportes
1424 2726 1648 2781 auribus
1681 2730 1812 2781 ante
1969 2740 2042 2780 100

332 2817 436 2855 nec
472 2804 657 2855 tamen
692 2802 830 2856 hanc
865 2804 1042 2873 possis
1077 2804 1356 2858 oculorum
1392 2804 1628 2858 subdere
1661 2802 1779 2857 visu

335 2893 437 2931 nec
471 2878 649 2933 iacere
682 2879 818 2933 indu
852 2896 1058 2946 manuS,
1094 2880 1182 2933 via
1217 2897 1325 2948 qua
1358 2879 1566 2933 munita
1599 2879 1728 2933 fidei

334 2954 584 3022 proxima
616 2956 727 3010 fert
762 2956 1058 3011 humanum
1092 2955 1152 3010 in
1185 2959 1379 3025 peetus
1413 2956 1730 3024 templaque
1763 2955 1981 3011 mentis,

335 3028 437 3083 sed
469 3034 655 3085 tamen
689 3030 909 3087 effabor.
945 3030 1109 3085 dictis
1145 3032 1300 3085 dabit
1335 3032 1455 3099 ipsa
1490 3030 1656 3085 fidem
1691 3046 1784 3086 res

333 3104 563 3160 forsitan
597 3111 655 3161 et
688 3108 931 3175 graviter
962 3110 1237 3163 terrarum
1272 3107 1512 3161 motibus
1545 3106 1682 3161 ortis
1970 3120 2040 3161 105

336 3182 517 3238 omnia
550 3184 893 3252 conquassari
928 3183 985 3237 in
1020 3199 1191 3251 parvo
1226 3188 1476 3253 tempore
1511 3180 1715 3237 cernes.
