2259 3550
1147 92 1200 146 V
1921 96 2032 150 145

324 197 697 265 nympharum,
733 195 931 264 quibus
966 213 997 249 e
1034 196 1246 250 scibant
1283 197 1470 250 umori'
1509 197 1716 252 fluenta

325 271 533 326 lubrica
567 271 811 340 proluvie
847 272 1000 339 larga
1035 272 1217 326 lavere
1251 272 1440 326 umida
1472 288 1618 338 saxa,
1969 289 2042 328 950

322 348 509 402 umida
543 365 689 414 saxa,
726 364 890 416 super
925 347 1088 400 viridi
1126 348 1391 402 stillantia
1423 363 1624 416 musco,

320 429 381 478 et
415 425 618 493 partim
653 425 822 514 plano·
851 429 1063 478 scatere
1096 429 1265 493 atque
1301 442 1590 495 erumpere
1625 443 1831 496 campe.

319 501 552 555 necdum
587 518 677 555 res
713 502 827 570 igni
860 500 1075 555 scibant
1110 505 1353 556 tractare
1389 518 1570 571 neque
1603 503 1686 556 uti

317 577 553 645 pellibus
588 582 647 632 et
682 578 865 646 spoliis
900 595 1099 647 corpus
1132 579 1336 632 vestire
1370 579 1623 645 ferarum,

308 654 419 708 sed
441 671 665 710 nemora
686 660 853 724 atque
876 672 1037 710 cavos
1058 657 1260 710 montis
1281 656 1552 724 silvasque
1576 658 1828 711 colebant
1967 674 2038 711 955

317 734 377 784 et
412 730 637 785 frutices
670 731 817 786 inter
851 731 1162 786 condebant
1197 732 1446 800 squalida
1480 731 1725 786 membra

316 805 548 861 verbera
582 810 869 862 ventorum
906 809 1080 863 vitare
1116 808 1415 878 imbrisque
1450 808 1635 863 coacti.

315 899 415 937 nec
449 899 732 938 commune
765 883 970 940 bonum
1006 889 1263 954 poterant
1299 889 1549 954 spectare
1583 901 1761 955 neque
1797 887 1921 940 ullis

314 959 554 1014 moribus
588 960 733 1014 inter
768 979 829 1016 se
866 962 1081 1016 scibant
1116 979 1216 1016 nec
1252 960 1464 1030 legibus
1499 960 1596 1016 uti.

313 1036 463 1104 quod
497 1037 693 1105 cuique
728 1038 1009 1094 obtulerat
1040 1033 1282 1107 praedae
1317 1038 1550 1105 fortuna,
1585 1038 1799 1092 ferebat
1967 1056 2036 1093 960

313 1116 506 1180 sponte
541 1131 639 1169 sua
674 1114 777 1168 sibi
814 1115 1045 1185 quisque
1081 1115 1264 1170 valere
1298 1119 1357 1168 et
1391 1115 1574 1168 vivere
1609 1114 1814 1168 doctus.

293 1193 367 1242 -ct
404 1190 589 1244 Venus
624 1192 681 1244 in
718 1191 865 1246 silvis
898 1192 1160 1260 iungebat
1195 1207 1423 1259 corpora
1453 1193 1759 1256 amantum;

307 1267 627 1320 conciliabat
661 1268 805 1321 enim
843 1269 927 1321 vel
963 1272 1155 1322 mutua
1189 1282 1462 1336 quamque
1497 1267 1692 1335 cupido

310 1341 395 1394 vel
431 1343 668 1397 violenta
704 1344 805 1397 viri
841 1345 922 1396 vis
956 1349 1126 1412 atque
1164 1344 1388 1412 inpensa
1423 1342 1592 1396 libido

306 1417 390 1470 vel
427 1419 678 1486 pretium,
713 1419 941 1488 glandes
976 1424 1145 1488 atque
1181 1419 1363 1472 arbita
1399 1419 1483 1472 vel
1519 1419 1640 1488 pira
1672 1420 1860 1476 lecta.‘
1961 1428 2034 1476 965

308 1496 367 1546 et
401 1510 657 1548 manuum
694 1496 833 1549 mira
866 1497 998 1550 freti
1033 1498 1242 1549 virtute
1279 1495 1592 1564 pedumque

307 1570 758 1626 consectabantur
794 1572 1062 1626 silvestria
1098 1573 1278 1626 saecla
1311 1573 1548 1625 ferarum

216 1660 281 1696 m
306 1645 599 1701 missilibus
634 1648 779 1702 saxis
816 1651 874 1702 et
909 1665 1105 1716 magno
1142 1648 1386 1718 pondere
1420 1649 1632 1714 clavae;

214 1745 281 1781 oea
306 1722 587 1793 multaque
620 1724 925 1793 vincebant,
960 1725 1210 1781 vitabant
1243 1742 1418 1795 pauca
1453 1725 1710 1793 latebris;

305 1800 703 1869 saetigerisque
738 1819 898 1871 pares
934 1804 1085 1856 subu’
1122 1804 1204 1857 sic-
1242 1803 1516 1857 silvestria
1549 1804 1798 1857 membra
1958 1818 2034 1858 970

302 1876 453 1931 nuda
488 1877 698 1932 dabant
732 1882 914 1933 terrae
954 1883 1220 1933 nocturno
1256 1883 1504 1947 tempore
1539 1879 1698 1949 capti,

303 1952 504 2006 circum
542 1970 601 2006 se
635 1953 781 2008 foliis
815 1970 878 2007 ac
912 1953 1199 2007 frondibus
1233 1955 1584 2010 involventes.

256 2044 404 2324 lnce
440 2028 701 2097 plangore
738 2029 885 2083 diem
922 2046 1119 2097 magno
1157 2030 1437 2099 solemque
1472 2048 1572 2100 per
1605 2042 1796 2311 agros]
1851 2007 2012 2059 ‘⁰⁴‘ssss
2042 2034 2074 2042 ““

1824 2098 1868 2135 5¹*
1885 2083 2058 2149 ’Τῇ-ἅναξ(
2083 2130 2122 2151 ες.
2153 2092 2202 2143 ξ]

1848 2206 1904 2252 5,
1956 2199 2028 2239 975
2105 2201 2154 2260 j·
2203 2245 2219 2261 θ

1826 2259 1848 2289 x
1889 2263 1967 2281 m·
2035 2262 2047 2279 ν
2149 2260 2156 2267 ·

304 2104 641 2171 quaerebant
677 2105 858 2174 pavidi
892 2106 1141 2174 palantes
1178 2106 1354 2159 noctis
1389 2106 1444 2159 in
1479 2106 1703 2175 umbris,

213 2204 257 2238 ω
303 2180 402 2235 sed
437 2181 592 2235 taciti
626 2181 1012 2250 respectabant
1047 2198 1346 2250 somnoque
1383 2183 1594 2251 sepulti,

211 2273 255 2307 ιη
300 2255 433 2309 dum
468 2274 626 2311 rosea
659 2259 778 2312 face
812 2258 892 2312 sol
926 2259 1156 2312 inferret
1190 2258 1395 2312 lumina
1427 2258 1588 2313 caelo.

299 2349 334 2385 a
366 2333 546 2400 parvis
581 2334 730 2403 quod
765 2334 911 2388 enim
946 2338 1273 2389 consuerant
1308 2351 1531 2389 cernere
1567 2351 1783 2403 semper

299 2408 512 2463 alterno
547 2410 807 2464 tenebras
842 2413 902 2465 et
936 2411 1112 2464 lucem
1149 2416 1402 2479 tempore
1435 2411 1596 2479 gigni,

296 2500 403 2538 non
440 2488 561 2539 erat
596 2489 660 2540 ut
696 2486 814 2539 fieri
850 2490 1035 2554 posset
1072 2487 1325 2540 mirarier
1361 2503 1620 2557 umquam

296 2576 398 2619 nec
434 2560 682 2617 diffidere
718 2579 789 2616 ne
825 2567 1004 2617 terras
1040 2567 1267 2617 aeterua
1303 2567 1522 2618 teneret
1950 2578 2024 2617 980

296 2652 405 2691 nox
441 2637 497 2690 in
529 2642 860 2707 perpetuum
897 2639 1149 2693 detracto
1185 2639 1390 2695 lumine
1425 2640 1566 2696 solis.

297 2712 397 2767 sed
430 2715 604 2783 magis
638 2714 771 2768 illud
810 2722 931 2769 crat
966 2734 1143 2784 curae,
1183 2716 1332 2786 quod
1367 2718 1543 2773 saecla
1574 2721 1815 2771 ferarum

294 2788 547 2844 infestam
584 2792 796 2845 miseris
830 2792 1103 2846 faciebant
1139 2810 1302 2863 saepe
1337 2794 1594 2863 quietem.

295 2864 565 2935 eiectique
603 2867 763 2921 domo
800 2868 1082 2937 fugiebant
1119 2886 1284 2924 saxea
1319 2873 1472 2925 tecta

295 2944 591 3012 spumigeri
626 2945 739 2999 suis
774 2945 1012 2999 adventu
1049 2946 1283 3000 validive
1317 2946 1488 3000 leonis

295 3024 462 3088 atque
496 3021 829 3091 intempesta
861 3021 1131 3075 cedebant
1168 3027 1326 3077 nocte
1359 3026 1626 3093 paventes

293 3094 599 3165 hospitibus
634 3098 811 3153 saevis
844 3098 1077 3151 instrata
1110 3098 1308 3153 cubilia
1342 3100 1551 3154 fronde.

364 3171 481 3227 Nec
514 3173 679 3227 nimio
712 3178 833 3234 tum
867 3175 991 3244 plus
1028 3191 1192 3243 quam
1227 3190 1370 3229 nunc
1226 3178 1654 3380 ana
1563 3179 1872 3407 ὴίεζίἰο.

1226 3244 1978 3503 ἦρξ’ἭΜίπι

296 3244 353 3289 15
