2259 3550
644 81 654 106 ἱ

1098 126 1244 183 1111
1459 157 1467 165 -
1949 123 2021 183 91

316 245 419 284 nec
452 231 667 284 ratione
701 230 809 283 alia
845 228 1048 283 servari
1085 245 1248 297 posse
1283 227 1554 294 videntur,

318 310 479 361 tanto
513 321 680 375 opere
714 308 780 358 ut
814 304 1017 359 similes
1054 305 1365 364 reddantur
1399 305 1596 372 cuique
1631 303 1856 372 figurae.
1867 293 2224 395 qfflztss‘p

387 382 547 437 Nunc
582 397 687 450 age
721 397 886 450 quam
921 381 1074 435 tenui
1111 384 1312 435 natura
1345 387 1564 436 constet
1600 379 1784 448 imago
2105 379 2129 428 J
2148 373 2183 403 ⁰⁴

318 459 551 528 percipe.
588 463 647 513 et
682 458 739 510 in
776 457 981 528 prImis,
1018 458 1274 526 quoniam
1311 457 1615 529 primordia
1648 459 1864 511 tantum
1947 454 2165 525 ,μὴν

318 538 447 589 sunt
480 535 624 588 infra
657 539 875 588 nostros
911 549 1104 589 sensus
1139 537 1404 603 tantoque
1437 533 1648 587 minora

318 627 481 680 quam
517 627 659 680 quae
693 611 931 680 primum
966 609 1109 663 oculi
1147 614 1405 678 coeptant
1438 625 1546 663 non
1581 625 1742 678 posse
1777 609 1937 676 tueri,

321 703 463 741 nunc
498 690 688 741 tamen
723 686 783 740 id
820 701 1037 754 quoque
1072 685 1159 740 uti
1195 685 1525 752 confirmem,
1561 685 1787 739 exordia.
1822 701 2004 740 rerum

320 767 636 818 cunctarum
674 779 837 831 quam
874 763 985 817 sint
1021 761 1246 832 suptilia
1279 763 1502 832 percipe
1537 762 1737 830 paucis,
1957 775 2030 815 115

320 840 553 908 primum
590 839 845 896 animalia
882 843 1013 894 sunt
1046 838 1155 892 iam
1191 838 1394 908 partim
1431 837 1660 904 tantula,
1697 853 1930 904 quorum

322 915 490 970 tertia
524 931 653 985 pars
690 916 838 969 nulla
874 915 1049 985 possit
1081 914 1298 968 ratione
1334 913 1522 968 videri.

322 992 513 1045 horum
550 992 869 1047 intestinum
909 992 1142 1060 quodvis
1177 993 1337 1061 quale
1373 1008 1493 1045 esse
1529 991 1918 1060 putandumst!

320 1068 455 1138 quid
478 1068 658 1122 cordis
679 1069 875 1136 globus
902 1077 996 1122 aut
1020 1068 1196 1122 oculi?
1221 1067 1352 1137 quid
1376 1067 1622 1121 membra
1643 1069 1656 1121 3
1683 1067 1817 1135 quid
1841 1067 2030 1121 artus?

320 1145 581 1213 quantula
616 1149 769 1199 sunt!
810 1144 942 1213 quid
978 1147 1268 1214 praeterea
1304 1143 1604 1214 primordia
1639 1158 1888 1213 quaeque
1957 1157 2032 1195 120

320 1220 464 1274 unde
499 1221 681 1274 anima
714 1223 883 1290 atque
918 1220 1082 1274 animi
1119 1223 1336 1273 constet
1373 1224 1569 1273 natura
1606 1219 1982 1274 necessumst?

322 1313 500 1350 nonne
536 1295 691 1350 vides
726 1313 890 1364 quam
927 1297 1037 1349 sint
1072 1295 1298 1350 subtilia
1333 1311 1608 1365 quamque
1643 1295 1887 1349 minuta?

322 1377 611 1442 praeterea
647 1388 1022 1441 quaecumque
1058 1389 1158 1426 suo
1195 1371 1266 1426 de
1301 1388 1530 1441 corpore
1563 1370 1788 1425 odorem

308 1449 575 1518 -expirant
612 1465 807 1514 acrem,
844 1465 1079 1518 panaces
1112 1448 1390 1502 absinthia
1423 1451 1603 1502 taetra
1807 1431 2010 1656 Z

323 1524 721 1593 habrotonique
758 1541 954 1592 graves
990 1529 1049 1580 et
1085 1525 1270 1579 tristia
1305 1529 1613 1592 centaurea,
1961 1536 2035 1576 125

110 1587 243 1660 Ἀ
324 1617 555 1670 quorum
592 1617 759 1653 unum
796 1601 1013 1668 quidvis
1049 1600 1244 1655 leviter
1279 1601 1326 1654 si
1361 1601 1505 1654 forte
1542 1600 1756 1653 duobus
1787 1583 2124 1785 Q

310 1727 317 1732 .
1171 1695 1200 1726 *
2087 1680 2128 1731 τ’

324 1752 455 1823 quin
492 1752 677 1822 potius
712 1767 903 1807 noscas
939 1769 1121 1807 rerum
1161 1752 1450 1807 simulacra
1486 1753 1669 1821 vagari

325 1828 503 1882 multa
536 1829 715 1883 modis
752 1829 940 1882 multis
976 1830 1125 1882 nulla
1161 1830 1212 1883 vi
1249 1846 1510 1897 cassaque
1547 1832 1742 1884 sensu?

393 1904 530 1974 [Sed
564 1922 633 1958 ne
666 1906 812 1958 forte
846 1908 1011 1974 putes
1047 1922 1114 1958 ea
1151 1904 1370 1959 demum
1410 1906 1522 1959 sola
1557 1907 1759 1974 vagari,

326 1997 700 2050 quaecumque
735 1980 806 2033 ab
842 1980 1006 2034 rebus
1042 1997 1226 2035 rerum
1265 1980 1554 2035 simulacra
1588 1982 1870 2050 recedunt,
1962 1995 2036 2036 1³0

327 2062 453 2111 sunt
488 2058 654 2111 ctiam
691 2074 831 2126 quae
868 2061 1063 2126 sponte
1098 2072 1199 2110 sua
1233 2056 1536 2125 gignuntur
1572 2061 1630 2111 et
1665 2059 1786 2129 ipsa

326 2133 735 2187 constituuntur
769 2134 823 2185 in
861 2134 961 2187 hoc
999 2134 1152 2188 caelo
1187 2135 1281 2203 qui
1318 2133 1523 2187 dicitur
1555 2151 1664 2199 aer,

236 2236 301 2269 1³³
327 2225 466 2278 quae
498 2209 688 2263 multis
724 2209 958 2282 formata
995 2210 1171 2264 modis
1209 2209 1439 2263 sublimo
1474 2210 1728 2264 seruntur

236 2310 297 2343 ιιι
326 2302 426 2339 nec
462 2286 695 2353 speciem
734 2289 949 2339 mut-are
985 2302 1139 2340 suam
1176 2286 1440 2356 liquentia
1474 2291 1689 2341 cessant

327 2367 386 2416 ct
420 2362 678 2431 cuiusque
715 2361 861 2415 modi
898 2362 1197 2416 formarum
1233 2366 1450 2417 vertere
1486 2362 1544 2415 in
1579 2378 1732 2429 oras;
1965 2374 2036 2417 135

235 2444 299 2494 ω
325 2444 389 2492 ut
422 2438 595 2492 nubes
634 2439 793 2492 facile
829 2439 1107 2492 interdum
1147 2456 1496 2493 concrescere
1536 2439 1593 2491 in
1629 2439 1742 2493 alto

326 2515 595 2569 cernimus
632 2519 691 2569 et
725 2516 913 2568 mundi
953 2516 1190 2585 speciem
1231 2515 1431 2569 violare
1469 2530 1713 2568 serenam

235 2610 301 2645 ιω
326 2606 455 2645 aera
488 2590 789 2644 mulcentes
823 2594 991 2644 motu.
1027 2608 1154 2645 nam
1194 2606 1355 2660 saepe
1391 2591 1688 2659 Gigantum

326 2682 421 2719 ora
456 2666 639 2719 volare
676 2666 931 2720 videntur
967 2673 1026 2722 et
1060 2669 1311 2722 umbram
1348 2667 1552 2721 ducere
1588 2666 1716 2735 late,

325 2744 600 2797 interdum
639 2745 822 2813 magni
859 2749 1075 2800 montes
1110 2744 1401 2814 avolsaque
1437 2760 1570 2797 saxa
1963 2756 2036 2795 140

328 2820 605 2873 montibus
641 2822 851 2875 antcire
890 2827 947 2875 et
984 2821 1152 2875 solem
1189 2822 1484 2875 succedere
1519 2826 1755 2889 praeter,

237 2914 301 2947 ιω
326 2897 454 2950 inde
490 2897 623 2949 alios
659 2898 878 2951 trahere
915 2903 1083 2966 atque
1118 2898 1380 2951 inducere
1416 2896 1580 2951 belua
1616 2896 1866 2964 nimbos]
2097 2963 2106 2968 ὓ

237 2984 302 3017 ¹⁴⁸
399 2973 558 3028 Nunc
594 2990 660 3027 ea
695 2990 859 3042 quam
896 2974 1041 3027 facili
1079 2978 1138 3028 ct
1174 2974 1338 3029 celeri
1371 2973 1587 3027 ratione
1623 2955 2214 3040 genanturww‘ss

327 3052 708 3119 perpetuoque
742 3049 916 3102 fluant
951 3048 1023 3102 ab
1058 3048 1224 3103 rebus
1259 3050 1521 3118 lapsaque
1557 3049 1775 3115 cedant,
1797 3039 2161 3323 Χζὶκέᾱὲέψς

1860 3150 1908 3180 ⁰²
1934 3153 1962 3181 9
1981 3130 1988 3139 ι
2011 3142 2072 3207 ’7Ιῇ
2083 3134 2214 3189 ms„

329 3226 547 3280 semper
571 3211 715 3265 enim
742 3226 1012 3266 summum
1036 3210 1297 3282 quicquid
1322 3211 1392 3265 de
1417 3210 1582 3265 rebus
1607 3208 1825 3264 abunda
1963 3222 2036 3262 145
