2259 3550
357 209 527 262 allata
560 211 729 277 atque
763 207 911 260 auris
946 205 1170 260 aliunde
1203 206 1422 260 obiecta
1455 207 1660 274 alienis,

346 286 459 339 sed
493 284 701 353 pariter
735 284 913 352 prima
947 283 1210 352 concepta
1245 283 1316 337 ab
1350 284 1559 352 origine
1593 281 1782 338 mundi

358 367 619 430 certaque
654 375 783 432 pars
816 360 947 426 ciue,
981 360 1139 428 quasi
1174 360 1330 414 nobis
1365 361 1611 415 membra
1643 361 1914 416 videntur.

360 441 649 508 praeterea
682 437 879 505 grandi
914 437 1126 490 tonitru
1163 453 1423 492 concussa
1456 441 1684 508 repente
1991 445 2063 486 650

360 519 509 568 terra
544 530 707 583 supra
743 530 885 582 quac
922 529 981 567 se
1019 516 1148 567 sunt
1184 513 1427 568 concutit
1463 515 1646 572 omnia
1679 521 1865 578 motu;

362 589 511 659 quod
545 590 725 644 facere
760 589 897 642 haut
930 589 1044 643 ulla
1077 592 1266 658 posset
1301 589 1529 658 ratione,
1563 590 1668 644 nisi
1701 594 1851 644 esset

360 666 609 735 partibus
644 666 809 720 aeriis
847 665 1037 719 mundi
1070 665 1332 734 caeloque
1365 667 1623 722 revincta.

362 759 487 797 nam
523 743 899 797 communibus
934 743 1082 797 inter
1118 759 1180 797 se
1215 743 1492 816 radicibus
1527 743 1761 796 haerent

361 835 431 873 ex
465 820 689 873 ineunte
722 836 856 874 aevo
892 820 1177 876 coniuncta
1211 823 1380 888 atque
1415 821 1598 877 uniter
1631 822 1774 888 apta.
1992 830 2066 870 655

360 912 541 949 nonne
571 896 730 950 ‘vides
764 896 931 950 etiam
968 913 1131 964 quam
1169 913 1365 964 magno
1401 897 1644 965 pondere
1677 895 1836 950 nobis

362 973 629 1026 sustineat
664 989 861 1040 corpus
895 973 1218 1026 tenuissima
1251 974 1333 1026 vis
1367 973 1566 1027 animai

361 1051 655 1118 propterea
690 1048 821 1116 quia
854 1053 969 1102 tam
1006 1050 1292 1105 coniuncta
1327 1053 1496 1118 atque
1530 1050 1714 1106 uniter
1747 1051 1878 1117 apta
1911 1049 2031 1102 est?

362 1123 600 1193 denique
634 1125 743 1178 iam
780 1124 925 1178 saltu
960 1126 1168 1194 pernici
1203 1125 1397 1180 tollere
1429 1141 1626 1194 corpus

363 1200 497 1269 quid
515 1201 659 1268 potis
676 1205 762 1254 est
779 1200 885 1254 nisi
904 1200 987 1254 vis
1004 1201 1171 1255 animi
1190 1219 1332 1270 quae
1350 1202 1598 1256 membra
1613 1201 1920 1269 gubernat?
1994 1215 2067 1253 560

362 1277 541 1330 iamne
576 1276 731 1331 vides
765 1280 1030 1346 quantum
1066 1280 1250 1331 tenuis
1284 1282 1480 1332 natura
1515 1277 1698 1332 valere
2017 1347 2019 1349 ι

362 1353 553 1422 possit,
589 1351 683 1405 ubi
720 1356 808 1406 est
840 1353 1127 1406 coniuncta
1161 1353 1316 1421 gravi
1352 1370 1477 1406 cum
1512 1369 1754 1422 corpore,
1788 1355 1853 1406 ut
1887 1367 1984 1406 aer

362 1429 681 1483 coniunctus
716 1429 883 1483 terris
918 1431 977 1482 et
1011 1429 1168 1483 nobis
1203 1433 1290 1484 est
1326 1430 1490 1482 animi
1524 1428 1638 1482 visi
1927 1429 1988 1503 h
2020 1423 2139 1507 [A.

434 1504 487 1557 N
491 1521 553 1559 ec
587 1505 755 1558 nimio
792 1505 919 1558 solis
954 1505 1127 1559 maior
1163 1508 1286 1560 rota
1323 1521 1423 1558 nec
1459 1505 1638 1558 minor
1670 1504 1836 1558 ardor
1970 1475 2068 1580 ἦ..
2149 1457 2184 1542 ὅ

366 1597 487 1635 esse
523 1585 721 1651 potest,
756 1581 960 1634 nostris
996 1597 1162 1649 quam
1197 1581 1445 1636 sensibus
1482 1598 1602 1635 esse
1638 1580 1870 1634 videtur.
1998 1594 2069 1632 565

367 1674 495 1712 nam
530 1658 729 1728 quibus
764 1675 795 1711 e
832 1658 1021 1726 spatiis
1056 1674 1292 1727 cumque
1327 1658 1484 1726 ignes
1517 1657 1724 1710 lumina
1757 1608 2242 1780 possu'atdssqm

370 1734 588 1789 adicere
624 1737 682 1788 et
717 1734 954 1788 calidum
989 1733 1252 1789 membris
1286 1734 1492 1789 adflare
1529 1749 1800 1803 vaporem,

368 1812 441 1865 nil
478 1811 570 1865 illa
604 1811 689 1864 his
725 1811 1027 1865 intervallis
1064 1812 1135 1865 de
1173 1827 1397 1880 corpore
1431 1811 1606 1865 libant

368 1887 726 1954 flammarum,
758 1887 836 1939 nil
874 1887 947 1940 ad
984 1887 1223 1955 speciem
1260 1890 1347 1941 cst
1382 1888 1711 1941 contractior
1745 1887 1901 1954 ignis,

276 1992 341 2024 ⁵⁷³
366 1964 611 2031 proinde,
647 1962 793 2016 calor
830 1963 1089 2033 quoniam
1126 1963 1255 2017 solis
1293 1964 1586 2031 lumenque
1621 1962 1904 2030 profusum
2002 1976 2074 2016 570

278 2056 343 2089 ⁶⁷0
366 2039 693 2108 perveniunt
728 2042 945 2092 nostros
981 2038 1055 2091 ad
1090 2054 1279 2092 sensus
1317 2042 1376 2092 et
1412 2039 1528 2093 loca
1563 2038 1819 2105 mulcent,
1945 2047 1948 2051 '

367 2116 543 2169 forma
578 2131 795 2184 quoque
830 2114 977 2169 hinc,
992 2114 1120 2167 solis
1156 2114 1326 2168 debet
1360 2114 1624 2182 filumque
1660 2113 1848 2181 videri,

280 2213 347 2247 στι
369 2190 447 2254 nil
482 2190 621 2244 adeo
657 2195 722 2244 ut
756 2190 931 2258 possis
966 2188 1089 2258 plus
1124 2193 1226 2243 aut
1262 2190 1439 2242 minus
1476 2189 1698 2252 addere,
1734 2204 1876 2243 verc.
2073 2253 2084 2265 ι

280 2291 345 2323 επ
369 2265 607 2333 lunaque
642 2267 757 2320 sive
790 2264 959 2319 notho
994 2264 1172 2319 fertur
1208 2265 1326 2319 loca
1359 2264 1564 2320 lumine
1599 2265 1837 2318 lustrans
2005 2277 2078 2319 575

372 2341 485 2395 sive
522 2357 673 2395 suam
709 2342 927 2411 proprio
963 2340 1134 2395 iactat
1168 2340 1240 2395 de
1275 2357 1503 2410 corpore
1537 2341 1729 2408 lucem,

371 2417 640 2488 quidquid
672 2417 733 2471 id
767 2420 867 2484 est,
900 2416 1010 2470 nilo
1044 2416 1223 2471 fertur
1255 2416 1462 2470 maiore
1496 2418 1674 2485 figura

373 2510 555 2563 quam,
592 2493 791 2548 nostris
826 2491 997 2546 oculis
1030 2509 1140 2562 qua
1175 2492 1460 2558 cernimus,
1496 2508 1617 2546 esse
1652 2491 1885 2546 videtur.

372 2586 499 2623 nam
533 2570 683 2639 prius
718 2569 912 2637 omnia,
949 2584 1091 2635 quae
1124 2569 1286 2637 longe
1322 2571 1534 2623 semota
1571 2571 1791 2622 tuemur

374 2662 504 2700 aera
540 2662 641 2715 per
675 2646 920 2710 multum,
956 2644 1138 2713 specie
1171 2644 1397 2699 confusa
1431 2644 1693 2698 videntur
1997 2656 2071 2696 580

376 2738 543 2791 quam
576 2722 747 2775 minui
784 2720 951 2774 filum.
989 2736 1098 2789 qua
1132 2726 1360 2791 propter
1394 2720 1523 2774 luna
1558 2734 1782 2774 necesse
1815 2720 1918 2786 cst,

377 2797 824 2868 quandoquidem
861 2796 1062 2853 claram
1100 2797 1338 2865 speciem
1373 2800 1694 2866 certamque
1729 2796 1960 2864 figuram

376 2874 619 2944 praebet,
658 2876 723 2928 ut
758 2878 846 2927 est
880 2874 990 2927 oris
1027 2872 1291 2931 extremis
1325 2889 1557 2942 cumque
1590 2875 1783 2927 notata

377 2955 695 3020 quantaque
730 2954 990 3020 quantast
1023 2950 1150 3003 hinc
1183 2948 1340 3006 nobis
1374 2950 1629 3004 videatur
1664 2947 1721 3001 in
1757 2947 1882 3003 alto,

376 3030 655 3095 postremo
692 3042 1061 3095 quoscumque
1097 3026 1252 3079 vides
1285 3025 1412 3079 hinc
1447 3025 1688 3087 aetheris
1723 3024 1906 3093 ignes;
2009 3038 2084 3076 585

378 3102 822 3171 quandoquidem
858 3117 1231 3171 quoscumque
1266 3102 1323 3154 in
1359 3100 1524 3155 terris
1559 3100 1833 3155 cernimus
1870 3100 2042 3167 ique-3,

376 3177 511 3231 dum
546 3181 755 3233 tremor
788 3185 865 3233 est
900 3178 1093 3245 claruS,
1128 3177 1260 3231 dum
1298 3177 1541 3231 cernitur
1576 3178 1741 3232 ardor
1777 3194 1984 3245 eorum,
