2259 3550
1130 111 1239 168 HI
1962 113 2024 170 67

251 222 263 233 ·
338 213 589 267 omnibus
626 217 711 266 est
745 228 911 266 unum
946 213 1252 279 perfeetum
1285 217 1526 282 corporis
1563 229 1796 282 augmen
1933 223 1986 311 a
2044 219 2110 293 ‘st

336 291 415 344 sic
448 289 595 343 calor
630 292 800 357 atque
834 303 930 342 aer
966 291 1024 342 et
1060 289 1210 354 venti
1245 303 1406 344 caeca
1439 293 1686 358 potestas

337 367 510 420 mixta
543 369 735 420 creant
767 377 931 418 unam
968 366 1220 418 naturam
1257 368 1316 419 et
1349 365 1563 419 mobilis
1599 365 1692 420 illa
1964 381 2036 424 27c

337 442 434 508 vis,
472 441 669 494 initum
705 443 887 495 motus
919 440 991 494 ab
1027 458 1087 494 se
1122 458 1264 509 quae
1299 441 1497 495 dividit
1533 443 1670 508 ollis,

254 546 263 552 ·
339 517 567 573 sensifer
602 517 749 570 unde
786 516 962 570 oritur
995 517 1232 585 primum
1268 533 1369 586 per
1403 517 1612 572 viscera
1645 521 1838 572 motus.

338 611 464 648 nam
499 592 717 662 penitus
753 608 1001 659 prorsum
1038 592 1178 646 latet
1213 593 1346 648 haee
1383 598 1579 648 natura
1615 593 1910 662 subestque

336 687 437 725 nee
471 670 645 736 magis
680 669 781 722 hac
818 668 956 722 infra.
992 668 1280 737 quicquam
1319 677 1404 723 est
1440 671 1494 722 in
1533 686 1759 739 corpore
1796 675 1961 725 nosti-¹

338 752 507 816 atque
542 747 721 798 anima
756 748 842 798 est
879 745 1088 808 :mimae
1123 761 1388 813 proporro
1426 746 1594 800 totius
1630 747 1762 816 ipsa.
1971 756 2040 794 27·

338 823 485 892 quod
518 837 693 889 genus
726 822 784 874 in
818 823 1019 874 nostris
1054 821 1314 874 membris
1351 831 1409 876 et
1445 839 1672 891 corpore
1707 827 1824 877 tott·
1855 843 1890 924 11
2063 855 2176 900 ΜΛ,

338 900 510 953 mixta
545 899 723 961 latens
757 897 921 950 animi
962 898 1042 950 vis
1076 901 1164 950 est
1200 899 1813 967 animaeque'potestas,
2006 925 2112 983 -Wv

337 974 653 1044 corporibus
690 973 819 1042 quia
854 973 925 1027 de
960 974 1142 1041 parvis
1177 973 1474 1042 paucisque
1510 979 1766 1030 ereatast.
1819 938 2009 1024 Οίψὶθ

336 1053 412 1105 sic
448 1051 547 1104 tibi
584 1049 815 1104 nominis
850 1049 986 1103 haec
1021 1065 1220 1118 expers
1255 1049 1334 1102 vis
1369 1050 1514 1104 faeta
1549 1051 1775 1104 minutis

336 1126 654 1196 corporibus
688 1126 827 1179 latet
861 1129 1029 1193 atque
1065 1126 1277 1179 animae
1313 1128 1466 1194 quasi
1503 1128 1676 1182 totius
1713 1130 1828 1196 ipsa
1974 1147 2047 1184 280
2125 1151 2150 1197 χ

336 1206 655 1274 proporrost
691 1202 869 1256 anima
905 1212 963 1254 et
999 1201 1311 1256 dominatur
1345 1219 1570 1270 corpore
1605 1207 1736 1257 tote.

338 1279 603 1333 consimili
638 1279 851 1332 ratione
886 1279 1164 1331 necessest
1198 1281 1394 1330 ventus
1429 1282 1489 1331 et
1524 1295 1618 1332 aer

337 1360 396 1410 et
432 1355 579 1409 calor
615 1354 759 1408 inter
794 1371 855 1406 se
891 1354 1111 1420 vigeant
1147 1353 1442 1408 commixta
1475 1371 1575 1423 per
1609 1359 1764 1410 artus
1829 1351 1944 1404 θῖν’.

335 1433 515 1500 adque
548 1431 671 1484 aliis
704 1430 856 1484 aliud
893 1429 1068 1482 subsit
1106 1429 1278 1496 magis
1315 1431 1722 1508 eniineatqueq,
1757 1449 1773 1466 ·
1883 1424 1983 1464 ὈΝ

333 1512 398 1561 ut
434 1507 699 1576 quiddam
736 1507 853 1560 fieri
891 1505 1145 1559 videatur
1179 1505 1250 1558 ab
1287 1505 1536 1559 omnibus
1571 1523 1754 1571 unum,
1923 1525 1932 1532 ·
1965 1524 2040 1561 2ης

334 1584 391 1636 ni
426 1584 574 1636 calor
608 1601 672 1638 ae
707 1587 903 1637 ventus
939 1599 1183 1636 seorsum
1223 1598 1576 1651 seorsumque
1610 1586 1858 1651 potestas

333 1659 475 1713 aeris
512 1660 845 1714 interemant
880 1675 1096 1712 sensum
1134 1659 1470 1727 diductaque
1507 1660 1734 1714 solvant.

332 1740 421 1791 est
456 1737 655 1791 etenim
695 1736 842 1790 calor
876 1736 971 1791 ille
1004 1736 1200 1803 animo,
1239 1752 1403 1805 quem
1439 1736 1618 1799 sumit,
1653 1737 1710 1789 in
1745 1736 1828 1791 ira

332 1829 457 1867 cum
492 1814 747 1867 fervescit
784 1817 843 1867 et
878 1830 947 1867 ex
984 1814 1152 1867 oculis
1188 1814 1356 1867 micat
1391 1813 1605 1867 aeribus
1640 1812 1819 1866 ardor.

333 1893 420 1944 est
455 1894 514 1943 et
548 1890 751 1957 frigida
788 1890 961 1943 multa
995 1907 1178 1944 comes
1215 1890 1521 1943 formidinis
1555 1905 1690 1943 aura
1969 1904 2041 1941 291}

333 1981 472 2034 quae
509 1966 618 2019 ciet
654 1964 935 2018 horrorem
971 1965 1231 2019 membris
1267 1968 1328 2019 et
1361 1966 1596 2019 concitat
1633 1967 1799 2019 artus.

332 2044 418 2094 est
454 2041 619 2095 etiam
658 2057 876 2108 quoque
913 2042 1091 2109 pacati
1129 2044 1306 2094 status
1342 2040 1486 2095 aeris
1519 2040 1628 2106 ille,

330 2121 552 2184 pectore
588 2116 883 2183 tranquillo
919 2116 1011 2183 qui
1049 2116 1113 2169 fit
1148 2115 1408 2183 voltuque
1443 2132 1650 2169 sereno,

332 2193 431 2246 sed
466 2192 626 2245 calidi
662 2192 785 2260 plus
820 2194 909 2245 est
942 2192 1049 2244 illis
1085 2191 1286 2259 quibus
1320 2193 1464 2245 acria
1499 2191 1665 2244 corda

329 2267 703 2334 iracundaque
740 2282 893 2319 mens
928 2266 1083 2319 facile
1121 2266 1426 2321 effervescit
1460 2268 1515 2319 in
1551 2267 1646 2319 ira
1972 2282 2044 2319 295

334 2359 443 2413 quo
478 2359 681 2409 genere
719 2342 774 2394 in
809 2342 1001 2410 primis
1038 2342 1118 2393 vis
1155 2347 1240 2394 est
1278 2342 1513 2396 violenta
1548 2341 1784 2407 leonum,

335 2420 560 2483 pectora
594 2419 689 2485 qui
723 2417 946 2471 fremitu
982 2421 1243 2485 rumpunt
1277 2417 1598 2486 plerumque
1632 2422 1918 2486 gementes

334 2508 437 2546 nec
474 2509 667 2561 capere
704 2493 909 2545 irarum
944 2494 1144 2547 fluetus
1179 2495 1232 2545 in
1269 2497 1490 2561 pectore
1524 2497 1766 2563 possunt.

334 2572 395 2622 at
432 2572 657 2624 ventosa
691 2570 863 2637 magis
900 2586 1184 2623 cervorum
1220 2570 1422 2636 frigida
1457 2587 1608 2625 mens
1644 2573 1732 2623 est

333 2647 394 2699 et
428 2643 639 2711 gelidas
676 2645 837 2698 eitius
870 2662 972 2714 per
1008 2647 1216 2699 viscera
1251 2647 1486 2699 concitat
1519 2662 1680 2699 auras
1961 2659 2038 2701 ³00

337 2736 478 2788 quae
513 2720 806 2774 tremulum
842 2722 1047 2789 faciunt
1082 2722 1344 2777 membris
1379 2723 1614 2776 existere
1650 2725 1874 2776 motum.

334 2802 394 2850 at
433 2799 631 2851 natura
668 2797 834 2851 boum
868 2796 1082 2867 placido
1118 2799 1294 2867 magis
1329 2816 1455 2853 aere
1491 2798 1637 2863 vivit,

1773 1225 2019 1326 „quun
2073 1212 2101 1307 i
2161 1219 2189 1333 ³]

1947 1329 1994 1367 W
2159 1356 2210 1393 (ι,

1987 1397 2135 1442 taff*

330 2890 428 2927 nee
465 2873 625 2927 nimis
664 2875 766 2928 irai
802 2876 893 2929 fax
928 2893 1190 2944 umquam
1227 2875 1449 2929 subdita
1483 2875 1660 2942 percit
1839 2868 2119 2953 [w

330 2950 556 3015 fumida,
600 2951 917 3006 suffundens
950 2970 1144 3007 caecae
1182 2952 1426 3019 caliginis
1461 2951 1668 3014 umbra,
1869 2972 2032 3014 (pt-A-

338 3043 438 3080 nec
474 3027 671 3094 gelidis
708 3032 893 3096 torpet
930 3029 1055 3083 telis
1091 3030 1305 3096 perfixa
1339 3028 1585 3096 pavoris:
1971 3037 2116 3116 sps

338 3102 486 3156 inter
521 3107 782 3172 utrosque
820 3106 997 3169 sitast,
1032 3121 1220 3159 cervos
1257 3119 1556 3171 saevosque
1592 3101 1790 3155 leones,
1857 3070 2204 3191 &Lamo-»⁴¹⁹

340 3177 415 3229 sie
450 3176 725 3231 hominum
763 3197 935 3248 genus
970 3185 1070 3233 est.
1110 3180 1358 3248 quamvis
1397 3178 1646 3232 doctrina
1679 3177 1880 3246 politos
