2259 3550
1063 137 1195 191 xviii

364 275 470 327 298
539 269 920 328 Lachmamms
943 273 1062 328 sine
1083 290 1250 329 musa
1272 279 1403 330 ante
1425 281 1527 332 ‘296
1550 275 1848 332 collocavit.

239 383 292 398 κ·
366 364 467 414 306
538 369 697 410 ΒΙΤΑΒ
727 359 868 414 adeo
890 359 1183 415 manifesto
1206 376 1307 430 pro
1329 360 1491 414 sitast
1518 361 1783 431 scriptum
1820 362 1964 419 vides

262 446 354 497 tur
404 447 470 497 ut
515 443 618 497 hoe
664 444 889 513 quidem
935 445 1058 500 leco
1112 446 1271 500 inter
1324 451 1591 514 utrosque
1635 464 1737 516 pro
1785 459 1968 506 INTER

261 537 570 588 UTRASQUE
626 547 696 584 ex
755 530 841 586 ed.
905 530 1051 585 Iunt.
1111 531 1359 600 recipere
1416 547 1527 585 non
1586 530 1970 587 dubitaverim.

261 612 518 667 librarius
542 621 812 683 utrasque
834 615 907 668 ad
930 616 1068 672 sitas
1090 615 1532 673 accommodavit.

363 705 466 754 358
535 699 838 754 rectissime
877 699 1037 754 eiecit
1076 700 1389 754 Lambinus.
1459 700 1836 755 Lachmannus
1876 701 1967 754 vix

262 781 457 838 Latine
474 783 763 852 Nullaque
774 792 1076 854 praeterea
1089 785 1306 854 perdit,
1321 801 1493 854 quom
1506 786 1806 854 expellitur
1819 801 1965 840 aevo.
2017 811 2021 814 ·

364 875 467 924 362
537 869 834 926 delendum
859 886 982 925 esse
1013 887 1141 925 cum
1172 869 1437 924 Lambino
1472 887 1562 924 res
1598 870 1720 940 ipsa.
1750 869 1965 924 clamat.

261 971 384 1008 eum
407 955 464 1008 in
487 956 732 1024 margine
751 956 960 1026 ,aliquis
997 955 1357 1023 adscripsisse
1388 954 1626 1025 videtur,
1648 958 1713 1010 ut
1744 971 1966 1026 corrup-

259 1042 380 1093 tum
404 1041 574 1094 ἀκοαί
596 1040 910 1109 explicaret.
970 1039 1350 1094 Lachmannus
1372 1038 1515 1093 hunc
1537 1055 1757 1094 versum
1778 1039 1967 1110 inepte

259 1123 408 1180 inter
432 1132 534 1181 363
559 1129 617 1181 et
641 1132 743 1182 364
765 1127 963 1194 posuit.

361 1215 464 1271 374
533 1212 736 1267 retinui
785 1212 1048 1266 librorum
1095 1203 1339 1264 A‘Nmffl
1384 1223 1719 1266 ΕΒΕΜΕΝΤΑ.
1764 1212 1846 1266 ita
1902 1227 1965 1267 vr

260 1299 358 1356 755
382 1297 488 1352 loci
511 1314 611 1367 ope
631 1297 837 1366 sufficit
860 1297 1066 1366 scripsi.
1142 1298 1521 1354 Lachmannus
1554 1299 1821 1353 elementa
1852 1300 1965 1353 mi-

263 1399 404 1439 nora
423 1384 668 1439 animai.

267 1517 273 1523 .
359 1477 462 1525 405
528 1488 631 1540 pro
653 1483 986 1525 AETHERIAS
1009 1471 1620 1544 Lachmannusaerias.

359 1564 462 1612 412
486 1562 543 1613 et
566 1565 668 1613 415
704 1575 870 1628 prave
901 1558 1114 1628 expulit
1146 1557 1559 1626 Lachmannus3
1598 1559 1799 1628 quibus
1831 1560 1960 1615 sub-

255 1639 384 1697 latis
425 1642 638 1697 animae
675 1646 734 1698 et
780 1643 948 1697 animi
987 1643 1325 1712 comparatio
1364 1659 1491 1698 cum
1536 1644 1679 1700 oculi
1725 1645 1861 1700 orbe
1900 1649 1962 1701 et

255 1727 460 1798 pupula
481 1745 590 1783 non
613 1731 841 1785 constat.

358 1821 460 1869 415
503 1832 603 1885 pro
641 1820 898 1885 corrupto
935 1826 1196 1883 ALIOQUI,
1238 1816 1576 1885 transposita.
1610 1832 1722 1871 una.
1757 1816 1960 1883 littera,

254 1900 476 1969 aliquoi
503 1903 708 1971 scripsi.
737 1932 743 1938 ·
781 1902 982 1958 deinde
1016 1903 1094 1956 ait
1124 1901 1333 1971 addidi,
1357 1902 1507 1972 quod
1541 1902 1796 1958 facillime
1830 1906 1960 1958 ante

254 1988 586 2056 splendidus
609 1990 868 2046 excidere
891 1989 1088 2059 potuit.

357 2078 454 2127 421
487 2073 889 2129 Lachmannum
905 2078 1128 2129 secutus
1152 2090 1288 2143 sum,
1304 2073 1409 2128 etsi
1426 2076 1809 2141 argumentum
1828 2089 1960 2142 quo-

255 2158 548 2211 dammodo
595 2159 792 2213 inverti
832 2158 1066 2213 videtur.
1128 2158 1566 2225 seribendumne‚
1604 2158 1754 2227 quod
1782 2163 1844 2213 et
1884 2159 1958 2213 ad

253 2242 424 2297 libros
449 2244 674 2313 propius
707 2244 921 2299 accedit
953 2248 1013 2299 ct
1043 2246 1226 2315 aptius
1258 2249 1345 2300 est
1372 2245 1447 2299 ad
1470 2243 1817 2311 sententiam,
1840 2261 1959 2299 uno

254 2328 355 2381 sub
377 2328 586 2395 immas
607 2330 838 2383 nomine
858 2346 1058 2384 eorum
1071 2331 1104 2385 Ρ
1508 2344 1515 2352 ’

357 2420 460 2470 428
494 2415 759 2470 librorum
783 2416 1109 2484 scripturam
1134 2414 1372 2470 restitui.
1439 2414 1835 2484 Lachmannus,
1859 2432 1961 2484 pro

255 2515 389 2557 ΝΛΜ
427 2502 718 2557 scribendo
763 2502 905 2571 iam,
945 2518 1167 2557 causam
1214 2516 1340 2555 eum
1387 2500 1587 2556 effectu
1626 2500 1961 2557 confundere

255 2587 487 2642 videtur.
523 2588 587 2642 cf.
615 2594 718 2643 203
743 2605 864 2659 sqq.
885 2591 946 2643 et
967 2605 1090 2645 ann.
1115 2587 1246 2657 phil.
1276 2588 1431 2641 Cant.
1450 2602 1474 2641 1
1501 2605 1557 2657 p.
1570 2592 1656 2643 33.
1690 2589 1705 2616 ‘
1722 2586 1957 2641 animus'

253 2672 336 2726 ait
369 2675 552 2749 poeta..
573 2671 587 2698 ‘
607 2673 830 2741 egregie
868 2672 1086 2727 mobilis
1113 2675 1239 2738 est3
1270 2688 1402 2740 ergo
1432 2688 1703 2743 perquam
1736 2672 1961 2729 minutis

253 2757 574 2825 corporibus
597 2758 844 2813 constat'.

357 2847 459 2897 430
494 2845 554 2896 et
577 2847 678 2896 433
705 2858 738 2895 a
762 2841 1113 2897 Lachmanno
1136 2840 1341 2895 eiectos
1362 2842 1598 2897 restitui.

267 2944 278 2954 ·
356 2932 462 2981 444
493 2942 596 2996 pro
640 2938 1054 2981 mcomsrscl'r
1101 2926 1299 2996 scripsi
1344 2926 1411 2980 in
1457 2944 1567 2995 quo
1618 2928 1827 2984 habitet
1870 2930 1962 2983 sit.

255 3000 634 3069 Lachmannus
675 3014 729 3067 is
761 3012 1067 3083 cohibeam,
1113 3013 1559 3081 interrogationis
1596 3018 1728 3069 nota
1757 3016 1813 3069 in
1851 3015 1960 3069 fine

253 3098 550 3169 superioris
573 3114 764 3153 versus
789 3100 984 3169 posita.

359 3190 456 3241 531
495 3200 596 3254 pro
629 3196 822 3245 Amen
845 3194 1043 3237 Ammo
1069 3194 1241 3249 nnnc,
1282 3186 1499 3239 mutata
1530 3199 1639 3237 una
1668 3187 1959 3255 transposi-
