2259 3550
204 122 313 180 110
975 119 1114 174 1111

194 223 367 278 multa
400 240 501 293 per
535 241 597 278 os
632 225 971 292 exhalantur,
1006 242 1129 280 cum
1165 225 1423 293 languida
1459 226 1731 292 anhelant,

194 300 279 354 his
314 299 486 367 igitur
518 299 683 354 rebus
718 302 944 354 rarescit
978 317 1178 370 corpus
1211 305 1272 356 et
1306 303 1480 356 omnis
1823 316 1896 355 8135

193 377 475 430 subruitur
510 382 733 442 natura;
768 377 923 430 dolor
957 394 1120 446 quam
1157 379 1508 446 consequitur
1543 397 1673 433 rem.

192 455 488 522 propterea
521 454 735 521 capitur
769 454 922 508 cibus
958 459 1021 507 ut
1055 454 1326 508 suffulciat
1361 459 1514 508 artus

193 533 251 582 et
286 533 500 583 recreet
539 530 681 582 vires
714 529 1025 584 interdatus
1059 534 1226 598 atque
1263 533 1542 600 patentem

192 621 293 674 per
327 605 574 658 membra
608 622 671 660 ae
706 622 871 660 venas
904 609 970 660 ut
1004 622 1244 660 amorem
1281 611 1502 676 opturet
1537 607 1753 662 edendi.

194 699 347 737 umor
381 683 514 736 item
550 682 785 737 discedit
821 684 875 736 in
912 683 1092 736 omnia
1125 700 1267 750 quae
1301 684 1420 738 loca
1455 701 1688 754 cumque
1824 699 1900 740 870

193 761 424 828 poscunt
458 775 733 822 umore1n3
768 760 1176 827 glomerataque
1214 761 1387 814 multa
1421 763 1635 830 vaporis

193 851 437 903 corpora,
475 851 615 904 quac
652 836 931 888 stomacho
968 836 1236 904 praebent
1271 837 1522 890 incendit-1.
1557 841 1759 906 nontr0,

196 911 446 981 dissupat
482 911 775 965 adveniens
809 912 987 980 liquor
1022 927 1085 965 ac
1120 913 1415 980 restinguit
1449 920 1512 967 ut
1546 916 1740 981 ignem,

196 1004 355 1041 urere
388 1004 458 1042 no
492 989 665 1057 possit
701 989 849 1041 calor
882 989 1114 1056 amplius
1149 990 1336 1043 aridus
1370 996 1536 1044 artua.

194 1064 269 1118 sie
306 1064 476 1132 igitur
510 1064 611 1118 tibi
646 1065 840 1118 anhela
876 1065 994 1118 sitis
1030 1064 1101 1117 de
1139 1082 1366 1134 corpore
1401 1070 1590 1120 nostro
1826 1085 1901 1126 875

112 1175 127 1188 .
194 1156 227 1192 a
284 1142 450 1206 uitur,
488 1141 565 1194 sic
603 1140 855 1209 expletur
891 1141 1070 1194 ieiuna
1105 1141 1343 1211 cupido]

298 1217 423 1271 Yunc
458 1218 551 1286 qui
587 1217 685 1270 fiat
720 1217 802 1270 uti
836 1234 1028 1286 passus
1064 1217 1312 1285 proferre
1346 1233 1621 1286 queamus,

18 1139 317 1423 st
354 1293 612 1358 volumuS,
650 1294 903 1362 varieque
940 1292 1131 1346 datum
1169 1293 1242 1347 sit
1277 1293 1523 1348 membra
1557 1309 1790 1361 movere,

95 1407 103 1415 .
196 1372 253 1422 et
288 1386 427 1437 quae
464 1386 551 1422 res
587 1373 797 1422 tantum
835 1370 935 1424 hoc
972 1369 1152 1422 oneris
1187 1369 1514 1438 protrudere
1549 1371 1720 1424 nostri

194 1446 435 1513 corporis
469 1445 712 1510 insuerit,
750 1445 956 1500 dicam:
993 1449 1056 1499 tu
1088 1445 1313 1514 percipe
1349 1445 1512 1500 dicta.
1824 1461 1899 1500 seo

196 1521 318 1574 dico
352 1521 531 1574 animo
567 1526 753 1575 nostro
787 1522 1022 1590 primum
1064 1521 1354 1575 simulacra
1387 1522 1600 1575 meandi

195 1597 443 1652 accidere
480 1602 646 1665 atque
680 1598 916 1650 animum
954 1599 1187 1666 pulsare,
1223 1601 1287 1650 ut
1323 1597 1559 1652 diximus
1593 1603 1734 1652 ante.

194 1672 323 1726 inde
357 1673 607 1726 voluntas
642 1673 735 1738 fit3
772 1689 948 1740 neque
985 1674 1129 1727 enim
1165 1675 1345 1728 facere
1377 1674 1568 1743 incipit
1603 1675 1766 1728 ullam

196 1765 310 1803 rem
348 1750 647 1818 quisquam,
684 1766 859 1817 quam
894 1767 1047 1804 mens
1082 1750 1320 1819 providit
1357 1750 1488 1817 quid
1523 1752 1655 1805 velit
1689 1759 1828 1807 ante.

195 1827 255 1879 id
289 1826 437 1893 quod
472 1827 742 1895 providet,
780 1827 923 1880 illius
960 1828 1038 1880 rei
1074 1830 1290 1881 constat
1326 1827 1517 1895 imago.
1825 1844 1898 1881 885

197 1920 329 1969 ergo
364 1903 576 1956 animus
612 1919 735 1956 cum
772 1920 889 1957 sese
926 1904 1003 1956 ita
1038 1906 1342 1957 commovet
1377 1908 1441 1957 ut
1475 1904 1611 1957 velit
1645 1906 1726 1957 ire

196 1979 358 2047 inque
393 1978 565 2045 gredi,
604 1980 734 2033 ferit
770 1980 1047 2049 extemplo
1083 1996 1222 2048 quae
1258 1980 1314 2032 in
1349 1996 1575 2048 corpore
1610 1986 1729 2034 toto

196 2072 297 2123 per
331 2054 577 2108 membra
613 2060 779 2122 atque
813 2059 967 2109 artus
1001 2056 1199 2108 animai
1238 2055 1433 2109 dissita
1469 2057 1550 2108 vis
1583 2063 1685 2109 est.

196 2136 254 2184 et
289 2131 499 2185 facilest
534 2132 695 2199 factu,
730 2133 983 2201 quoniam
1020 2132 1308 2185 coniuncta
1342 2135 1577 2186 tenetur.

198 2207 327 2260 inde
362 2224 427 2260 ea.
461 2224 725 2277 proporro
760 2225 956 2276 corpus
991 2209 1137 2273 ferit,
1173 2213 1340 2275 atque
1376 2209 1454 2262 ita
1487 2212 1608 2262 tota
1829 2225 1901 2264 890

197 2283 459 2351 paulatim
497 2284 666 2338 moles
700 2284 1046 2353 protruditur
1081 2289 1248 2351 atque
1282 2288 1545 2338 movetur.

175 2363 485 2431 ‘praeterea
521 2366 637 2414 tum
675 2361 904 2415 rarescit
939 2378 1156 2428 quoque
1191 2376 1388 2429 corpus
1423 2364 1481 2414 et
1515 2378 1622 2425 aer,

199 2436 404 2490 scilicet
438 2443 501 2491 ut
537 2437 707 2492 debet
741 2437 835 2505 qni
876 2454 1091 2506 semper
1126 2436 1338 2491 mobilis
1373 2441 1545 2501 extat,

197 2529 297 2580 per
330 2514 603 2581 patefizcta
641 2515 788 2568 venit
824 2517 1188 2582 penetratque
1220 2513 1486 2567 foramina
1520 2514 1704 2580 larg-us

197 2592 257 2643 et
292 2589 626 2656 dispargitur
662 2591 733 2644 ad
771 2592 943 2658 partis
979 2590 1059 2643 ita
1094 2605 1338 2658 quasque
1371 2588 1610 2642 minutas
1829 2602 1902 2641 895

197 2666 451 2733 corporis.
490 2666 573 2718 hic
607 2668 776 2734 igitur
814 2668 978 2721 rebus
1014 2666 1079 2720 fit
1113 2666 1390 2733 utrimque
1427 2664 1655 2731 duabus,

196 2758 366 2808 aeque
402 2744 465 2795 ld
497 2748 559 2795 ut
594 2761 656 2796 ac
690 2745 841 2795 navis
878 2743 1013 2796 velis
1048 2746 1321 2809 ventoque
1355 2742 1579 2795 feratur.

199 2835 299 2871 nec
334 2832 521 2873 tamen
554 2818 688 2872 illud
726 2820 779 2870 in
818 2820 899 2871 his
937 2818 1101 2872 rebus
1139 2817 1388 2871 mirabile
1421 2820 1648 2881 constat,

196 2896 413 2949 tantula.
448 2895 595 2964 quod
632 2901 845 2949 tantum
882 2912 1077 2962 eorpus
1114 2893 1432 2963 corpuscula
1465 2896 1696 2961 possunt

199 2979 557 3040 contorquere
595 2978 653 3025 ct
689 2989 825 3025 onus
861 2977 1040 3026 totum
1078 2974 1396 3025 convertere
1432 2973 1689 3022 nostrum.
1831 2982 1903 3021 900

198 3048 398 3115 quippe
436 3048 639 3101 etenim
674 3052 869 3102 ventus
904 3047 1089 3116 suptili
1128 3062 1352 3113 corpore
1388 3044 1565 3098 tenvis

200 3123 379 3176 trudit
414 3140 582 3191 agens
615 3141 868 3192 magnam
902 3140 1100 3192 magno
1137 3120 1412 3175 molimine
1444 3134 1640 3173 navem

206 3206 261 3251 et
300 3214 487 3253 manrs
523 3216 630 3253 una
662 3200 807 3267 regit
841 3200 1125 3268 quantovis
1162 3197 1368 3261 impete
1401 3198 1624 3249 euntem
