2259 3550
1073 114 1263 169 xxxvii

309 251 458 308 hunc
507 265 745 320 versum,
791 249 877 306 its
929 249 1227 304 formatum
1292 245 1599 304 Concidere
1656 253 1709 302 ot
1752 259 2023 318 spumam

308 345 376 393 ut
396 354 450 409 q.
470 356 548 394 m.
571 356 649 393 m.
675 357 734 406 3.,
759 323 887 408 pest
911 343 1007 392 801
1035 352 1232 405 parum
1258 339 1388 406 apte
1410 333 1697 388 collocavit
1721 332 2023 388 Lachman-

307 442 428 480 nus.

414 515 516 565 804
539 526 640 580 pro
658 511 862 564 domus
893 507 1022 562 libri
1059 523 1305 562 nonime.
1346 523 1449 576 pro
1468 505 1771 572 fervidior
1806 506 1893 560 vis
1926 504 2023 560 ob-

305 593 504 663 longus
549 597 610 648 et
658 592 790 648 Itali
840 607 1090 646 manns.
1136 605 1343 646 summ.
1416 590 1721 660 quadratus
1772 604 2021 644 rmum

308 692 524 732 rusus.
570 694 696 733 cum
725 678 908 732 omnia
937 677 1026 732 hic
1053 677 1416 732 incertissima
1440 677 1565 742 sint,
1594 675 2016 744 Lachmannum‚

304 767 372 818 ut
393 780 494 832 par
516 767 651 830 erat,
666 766 888 818 secutus
913 779 1046 816 sum.
1099 777 1433 832 quamquam
1456 761 1606 816 haud
1632 761 1742 816 scio
1764 778 1837 814 an
1862 777 2018 830 prae-

306 855 422 906 stet
445 850 595 921 quod
619 850 931 919 Madvigius
953 849 1104 920 apul
1129 848 1487 904 Henrichsen.
1522 848 1593 903 de
1618 847 1871 918 Gottorp.
1896 848 2015 902 cod.

306 952 360 1006 p.
383 939 450 994 37
488 935 736 1006 coniecit,
758 937 844 990 At
875 953 917 990 σ.
940 953 1016 991 m.
1043 936 1285 990 domam
1309 932 1623 1002 p.servida
1642 931 1845 1000 febris.
1888 935 2017 986 anto

305 1037 431 1077 eum
459 1021 756 1076 Lambinus
778 1022 1032 1078 hominis
1043 1038 1105 1090 p.
1117 1021 1360 1087 ,scrvida
1378 1020 1582 1085 febris.
1642 1019 2015 1074 Wakefieldus

305 1107 508 1161 domus
521 1107 852 1176 psov-vida,
874 1106 1071 1160 nervis
1100 1107 1262 1158 Tam.
1300 1104 1719 1159 scribendumne
1735 1104 2015 1174 fircidu’,

306 1191 502 1247 nervis
537 1191 686 1246 Tum
702 1192 732 1244 ,9

410 1282 514 1332 818
545 1277 672 1330 libri
704 1276 1008 1331 rectissime
1043 1292 1123 1331 m.
1195 1276 1574 1333 Lachmannus
1598 1295 1677 1344 ea,
1702 1279 1799 1349 qui
1822 1277 1932 1334 ism
1955 1280 2013 1334 in

305 1367 520 1432 septem
542 1364 629 1419 vel
653 1368 778 1419 octo
801 1364 934 1418 locis
957 1365 1258 1418 sanissimis
1280 1371 1332 1418 ot
1356 1382 1457 1433 pro
1475 1365 1651 1420 ctiam
1675 1367 1849 1421 eiecit.

413 1450 546 1504 Post
577 1454 680 1505 839
713 1449 981 1504 excidisse
1012 1450 1293 1520 archetypi
1324 1449 1582 1504 schedam
1616 1450 2013 1506 demonstravit

305 1533 700 1604 Lachmannus,
727 1536 879 1589 cuius
905 1538 1122 1605 partem
1152 1535 1323 1612 fuisse
1358 1537 1557 1591 statuit
1590 1539 1854 1606 quattuor
1887 1536 2011 1591 bre·

304 1621 394 1673 via
432 1636 686 1673 versuum
727 1620 1052 1689 fragmenta.
1101 1637 1173 1676 ex
1201 1621 1269 1676 iis
1301 1621 1405 1675 hoc
1434 1626 1587 1677 certe
1623 1622 2010 1676 Lucretianum

304 1701 540 1771 videtur,
588 1703 726 1757 Non
771 1703 925 1758 mihi
970 1705 1026 1758 si
1078 1705 1310 1774 linquae
1364 1713 1591 1760 centum
1634 1707 1755 1760 sint
1800 1723 2011 1775 oraque

303 1797 544 1856 centum,
559 1791 748 1843 Acrea
763 1808 901 1856 vox;
920 1807 1086 1859 quem
1103 1794 1291 1845 tamen
1305 1792 1361 1846 in
1384 1797 1638 1861 poemate
1662 1794 2009 1863 occupaverit

303 1873 494 1939 locum,
519 1891 618 1945 pro
642 1878 793 1928 certo
817 1875 926 1929 dici
949 1893 1056 1930 uon
1080 1880 1281 1946 potest.

410 1965 512 2015 842
543 1959 673 2014 libri
707 1975 964 2015 morsm.
1038 1961 1366 2030 Bernaysius
1384 1962 1640 2030 proprii.
1713 1964 2009 2018 Lachman-

303 2061 408 2097 nus
428 2060 554 2098 eum
578 2043 662 2098 ed.
690 2043 839 2099 Iunt.
856 2061 1116 2113 propere.

409 2135 512 2184 899
559 2146 660 2198 pro
697 2146 980 2185 'sanamus
1019 2148 1146 2185 cum
1194 2132 1495 2201 Bernaysio
1536 2134 1727 2204 scripsi
1768 2135 2008 2190 latentis.

306 2216 686 2270 Lachmannus
710 2217 962 2285 tepentis.

375 2307 528 2425 t909.
586 2318 688 2371 pro
709 2302 976 2357 librorum
1000 2318 1177 2357 omns
1202 2303 1576 2359 Lachmannus
1597 2305 1701 2374 hic,
1724 2308 1790 2360 ut
1819 2319 1866 2358 11
1888 2308 2008 2374 387,

305 2388 376 2425 or
402 2388 455 2425 u.

408 2463 511 2513 935
535 2458 600 2513 cf.
626 2458 700 2512 ad
723 2473 784 2512 1v
807 2461 925 2512 229.

411 2547 528 2613 957,
569 2545 664 2614 qui
702 2545 759 2598 in
801 2544 1079 2599 codicibus
1117 2550 1221 2600 954
1258 2545 1521 2614 sequitur,
1561 2546 1619 2599 in
1656 2546 1799 2601 hunc
1829 2548 2007 2603 locum

304 2629 581 2685 transtuli.
642 2630 842 2684 deinde
869 2636 968 2685 953
993 2646 1092 2699 pro
1115 2645 1526 2685 mnupnsm'rmt
1560 2634 1752 2701 scripsi
1781 2640 2006 2701 tempes-

305 2722 477 2782 tates;
514 2733 615 2786 pro
639 2731 852 2770 cecum
881 2722 1109 2769 coortae.
1169 2715 1289 2770 iure
1333 2732 1423 2770 me
1471 2716 1551 2771 ita
1598 2717 1792 2771 fecisse
1820 2735 2007 2787 agnos-

305 2806 411 2870 cet,
435 2803 529 2873 qui
564 2819 688 2857 cum
706 2802 792 2856 his
815 2818 1006 2856 versus
1035 2808 1169 2857 1098
1193 2820 1312 2873 sqq.
1361 2820 1685 2873 componere
1707 2804 1869 2859 volet.
1939 2805 2007 2859 cf.

305 2905 426 2943 ann.
451 2889 582 2959 phil.
610 2889 765 2943 Cant.
790 2904 812 2941 1
836 2906 887 2958 p.
914 2896 994 2944 41.
1059 2892 1072 2919 ‘
1087 2892 1472 2959 tempestatcs’
1510 2893 1589 2947 ait
1620 2896 1799 2962 poeta,
1826 2894 1841 2921 ‘
1854 2897 2007 2948 terra

306 2979 366 3030 et
402 2977 552 3031 caelo
587 2980 828 3049 coeliae,
860 2994 896 3032 a
931 2982 1084 3033 terra
1124 2979 1183 3032 in
1222 2979 1448 3049 caelum,
1485 2996 1519 3034 a
1549 2968 1699 3034 caelo
1733 2981 1791 3034 in
1830 2983 2005 3035 terras

307 3064 592 3120 venientes
617 3066 880 3133 saeviunt,
905 3070 964 3119 et
995 3083 1117 3119 cum
1151 3067 1237 3120 his
1270 3066 1429 3120 simul
1461 3066 1712 3120 morbida
1746 3067 1843 3134 viS,
1881 3083 2005 3120 cum

307 3147 646 3203 extrinsecus
683 3165 716 3203 e
754 3150 919 3213 caele,
961 3153 1023 3202 ut
1058 3152 1235 3203 nubes
1272 3148 1629 3219 nebulaeque,
1671 3150 2003 3205 insinuatur'.
