2259 3550
146 213 321 267 multa
353 213 603 267 videmus
638 212 799 279 enim,
834 213 988 266 certo
1023 229 1164 281 quae
1200 216 1448 282 tempore
1486 212 1627 266 fiunt

144 288 395 343 omnibus
428 289 487 342 in
521 289 701 342 rebus.
738 287 1034 342 florescunt
1068 291 1319 358 tempore
1353 293 1507 344 certo
1783 299 1858 344 870

144 365 369 419 arbusta
404 368 461 419 et
496 370 647 418 certo
682 365 971 418 dimittunt
1004 369 1254 433 tempore
1291 365 1496 420 florem.

145 457 245 495 nec
279 441 461 494 minus,
488 441 545 494 in
580 444 733 495 certo
768 440 965 494 dentes
1001 441 1202 494 cadere
1237 442 1473 510 imperat
1509 444 1663 496 aetas

145 520 395 587 tempore
431 521 490 572 et
524 517 781 586 inpubem
816 517 965 570 molli
999 517 1299 585 pubescere
1332 521 1488 572 veste
1513 537 1517 542 ·

144 599 205 648 et
240 595 447 662 pariter
474 596 700 650 ,mollem
736 595 894 648 malis
932 594 1226 648 demittere
1260 593 1501 648 barbam.

142 671 371 724 fulmina
404 676 680 739 postremo
717 672 811 724 nix
846 669 1051 724 imbres
1084 670 1272 724 nubila
1304 670 1456 724 venti
1789 679 1859 719 675

148 763 253 800 non
288 749 449 801 nimis
486 747 708 802 incertis
745 748 885 801 fiunt
920 747 976 798 in
1012 748 1264 814 partibus
1299 746 1442 800 anni.

146 840 381 893 namque
415 824 507 877 ubi
546 824 621 877 sic
657 824 880 877 fuerunt
914 839 1198 876 causarum
1233 822 1463 878 exordia
1497 821 1676 890 prima

102 933 105 938 -
146 903 315 969 atque
349 901 427 954 ita
463 918 552 954 res
587 900 773 953 mundi
810 900 1060 954 cecidere
1092 899 1166 953 ab
1201 900 1407 968 origine
1443 899 1634 968 prima,

178 983 417 1046 enseque
454 993 673 1046 quoque
710 977 819 1030 iam
854 977 1091 1031 redeunt
1126 993 1196 1031 ex
1232 976 1426 1030 ordine
1460 979 1624 1029 certo.

221 1053 481 1106 Crescere
504 1053 749 1121 itemque
774 1051 897 1106 dies
918 1053 1045 1108 licet
1070 1059 1129 1106 et
1153 1052 1440 1106 tabescere
1463 1057 1666 1117 noctes,
1789 1059 1862 1100 eso

182 1132 207 1182 t
241 1128 409 1182 minui
443 1129 605 1195 luces,
642 1145 766 1183 cum
802 1133 1019 1184 sumant
1055 1129 1308 1197 augmina
1343 1132 1546 1196 noctes,

13 1225 58 1299 gs·
181 1208 244 1258 ut
279 1205 409 1274 quia
444 1206 522 1260 sol
556 1206 705 1259 idem
740 1206 841 1259 sub
876 1201 1055 1259 terras
1090 1211 1258 1273 atque
1295 1221 1529 1275 superne

36 1222 446 1391 ffmparibus
480 1298 705 1336 currens
741 1283 1097 1336 amfractibus
1134 1283 1376 1336 aetheris
1412 1297 1536 1334 oras

13 1379 33 1434 χ
148 1358 320 1425 partit
355 1362 413 1413 et
448 1359 503 1411 in
538 1359 712 1427 partis
748 1375 855 1411 non
890 1375 1094 1426 aequas
1132 1357 1332 1411 dividit
1367 1357 1578 1425 orbem,
1857 1389 1862 1394 ·

149 1438 207 1488 et
244 1435 391 1502 quod
424 1434 495 1487 ab
531 1435 798 1488 alterutra
833 1434 1079 1488 detraxit
1114 1438 1290 1502 parte,
1327 1433 1549 1502 reponit
1787 1440 1866 1482 oss

148 1511 266 1564 eius
300 1510 357 1562 in
392 1509 622 1564 adversa
657 1513 815 1564 tanto
848 1510 973 1578 plus
1009 1515 1168 1578 parte
1205 1510 1427 1577 relatu8‚

152 1587 327 1642 donec
360 1587 433 1640 ad
468 1586 527 1640 id
564 1587 778 1653 signum
814 1586 948 1640 caeli
984 1587 1252 1654 pervenit,
1291 1585 1385 1639 ubi
1419 1584 1556 1638 anni.

148 1664 325 1716 nodus
359 1666 655 1716 nocturnas
690 1667 963 1730 exaequat
997 1663 1208 1716 lucibus
1240 1662 1478 1716 umbras.

147 1755 288 1807 nam,
325 1739 520 1807 medio
542 1754 705 1793 cursu
739 1738 901 1792 flatus
936 1739 1203 1808 aquilonis
1239 1742 1298 1793 et
1331 1737 1521 1807 austri,

148 1816 375 1870 distinet
410 1820 648 1883 aequato
683 1815 893 1869 caelum
932 1815 1242 1869 discrimine
1277 1818 1454 1869 metas
1794 1826 1866 1867 eso

148 1896 374 1961 propter
409 1891 651 1959 signiferi
684 1892 986 1960 posituram
1021 1892 1194 1945 totius
1227 1891 1388 1958 orbiS‚

148 1983 326 2021 annua
360 1967 440 2022 sol
476 1968 533 2021 in
570 1983 679 2036 quo
714 1967 991 2021 concludit
1026 1970 1276 2035 tempora
1311 1982 1552 2037 serpenS,

146 2044 369 2114 obliquo
404 2048 583 2098 terras
618 2046 677 2097 et
710 2043 919 2097 caelum
955 2043 1158 2096 lumine
1193 2042 1445 2109 lustrans,

152 2124 214 2174 ut
249 2120 391 2174 ratio
428 2120 673 2173 declarat
708 2136 895 2173 eorum
932 2119 1025 2187 qui
1060 2119 1180 2172 loca
1213 2120 1348 2173 caeli

148 2196 331 2249 omnia
366 2196 645 2265 dispositis
682 2196 848 2263 signis
882 2198 1075 2249 ornata
1109 2198 1384 2249 notarunt.
1799 2210 1872 2251 ωδ

150 2276 246 2326 aut
280 2272 409 2341 quia
442 2272 674 2325 crassior
710 2274 796 2324 est
830 2272 996 2325 certis
1030 2271 1087 2324 in
1123 2271 1374 2339 partibus
1409 2287 1519 2338 aer,

150 2348 253 2401 sub
288 2349 454 2402 terris
488 2348 613 2401 ideo
648 2347 943 2401 tremulum
977 2346 1138 2401 iubar
1171 2347 1411 2401 haesitat
1447 2350 1588 2415 ignis

150 2440 253 2478 nec
286 2428 579 2493 penetrare
615 2426 798 2493 potest
831 2423 989 2478 facile
1024 2427 1192 2493 atque
1227 2440 1510 2492 emergere
1544 2424 1616 2477 ad
1651 2430 1822 2479 ortus,

150 2504 445 2569 propterea
480 2504 667 2555 noctes
701 2500 930 2553 hiberno
966 2503 1216 2568 tempore
1250 2500 1444 2569 longae

151 2580 383 2644 cessant,
420 2576 551 2629 dum
587 2576 771 2630 veniat
804 2575 1079 2630 radiatum
1114 2576 1325 2643 insigne
1361 2576 1484 2631 diei.
1799 2591 1874 2633 ⁷00

154 2658 251 2706 aut
285 2654 468 2719 etiam,
506 2652 635 2722 quia
668 2652 745 2705 sic
780 2653 1006 2707 alternis
1040 2652 1293 2721 partibus
1327 2652 1464 2707 anni>

155 2728 371 2783 tardius
407 2732 467 2783 et
501 2729 663 2782 citius
698 2731 1027 2782 consuerunt
1062 2728 1334 2782 confluere
1367 2729 1523 2797 ignes

153 2805 248 2875 qui
282 2804 487 2859 faciunt
522 2804 690 2859 solem
726 2809 877 2858 certa
911 2803 1212 2872 desurgere
1245 2808 1419 2872 parte,

154 2884 448 2950 propterea
482 2882 549 2935 fit
582 2882 666 2934 uti
701 2880 992 2935 videantur
1026 2880 1210 2934 dicere
1245 2897 1433 2935 verum

226 2998 381 3086 Luna
411 2998 599 3102 potest
614 2998 778 3087 ‘solis‘
796 2998 965 3086 radiis
996 2998 1255 3101 percussa
1288 2998 1466 3086 nitere
1539 2998 1553 3010 ο
1800 3046 1875 3087 'tofi

13 3100 69 3159 b*
151 3107 319 3176 inque
353 3108 473 3161 dies
507 3110 679 3176 magis
714 3108 783 3161 id
810 3108 997 3161 lumen
1032 3110 1351 3161 convertere
1385 3106 1544 3165 nobis

151 3181 227 3237 ad
261 3182 514 3251 speciem,
550 3188 815 3250 quantum
852 3181 979 3235 solis
1015 3181 1226 3235 secedit
1259 3181 1332 3235 ab
1366 3180 1503 3247 orbi,
