2259 3550
345 215 502 286 copia
535 216 777 284 conquiri
814 215 998 284 debet,
1034 217 1246 270 concita
1280 233 1382 285 per
1417 221 1572 272 artus

344 292 519 346 omnis
554 295 620 347 ut
654 293 898 346 studium
935 294 1135 347 mentis
1171 293 1364 348 conixa
1397 298 1689 364 aequatum

343 371 409 422 ut
442 368 629 422 videas
663 369 857 422 initum
892 373 1073 422 motus
1108 385 1144 422 a
1177 369 1341 424 corde
1376 371 1547 426 creari

344 461 415 497 ex
449 445 721 511 animique
757 445 1041 498 voluntate
1074 446 1136 499 id
1171 447 1472 514 procedere
1507 449 1761 518 primum,
1985 463 2056 504 27⁰

342 520 474 574 inde
511 519 630 573 dari
664 537 827 589 porro
854 537 964 588 pcr
998 524 1178 574 totum
1215 537 1412 591 corpus
1447 527 1506 578 et
1543 528 1711 578 artus.

343 612 443 649 nec
479 595 707 649 similest
741 599 807 649 ut
844 613 967 649 cum
1004 597 1224 665 impulsi
1260 598 1602 666 procedimus
1639 600 1754 654 ictu

343 671 549 725 viribus
586 671 812 724 alterius
848 672 1059 740 magnis
1096 689 1404 743 magnoque
1440 679 1648 729 coactu.

342 763 468 800 nam
505 751 625 801 tum
661 748 949 800 materiem
985 749 1157 802 totius
1195 751 1437 818 corporis
1473 767 1686 804 omnem

342 823 745 892 perspicuumst
780 823 934 877 nobis
972 824 1155 878 invitis
1191 825 1274 878 ire
1309 827 1551 895 rapique,
1976 841 2049 882 275

344 899 517 953 donec
555 916 677 953 eam
712 899 1012 953 mireum-:t
1048 919 1149 969 per
1185 901 1430 954 membra
1462 903 1729 956 voluntas.

340 975 521 1029 iamne
557 973 711 1028 vides
746 975 931 1042 igitur,
967 991 1296 1044 quamquam
1333 977 1413 1029 vis
1450 982 1642 1031 extera
1675 976 1878 1032 multos

341 1051 512 1120 pellat
548 1053 607 1105 et
642 1051 842 1104 invitos
878 1053 1039 1118 cogat
1072 1052 1374 1120 procedere
1410 1069 1574 1123 saepe

342 1127 785 1196 praecipitesque
820 1127 955 1195 rapi,
992 1129 1176 1181 tamen
1215 1144 1334 1181 esso
1369 1129 1422 1181 in
1459 1133 1684 1200 pectore
1718 1136 1908 1183 nostro

336 1203 598 1271 quiddam
634 1203 780 1271 quod
818 1207 1008 1256 contra
1044 1219 1288 1273 pugnare
1325 1203 1654 1273 obstareque
1687 1206 1900 1274 possit?
1974 1219 2048 1258 aso

341 1279 493 1332 cuius
529 1280 601 1332 ad
637 1279 923 1332 arbitrium
961 1295 1180 1348 quoque
1215 1281 1373 1348 copia
1408 1281 1657 1334 materiai

340 1354 555 1422 cogitur
590 1355 869 1408 interdum
905 1355 1051 1408 flecti
1088 1371 1190 1424 per
1224 1355 1472 1409 membra
1506 1371 1609 1424 per
1643 1359 1798 1410 artus

340 1432 400 1484 et
434 1431 680 1500 proiecta
716 1431 1029 1485 refrenatur
1063 1436 1323 1497 retroque
1359 1430 1566 1485 residit.

338 1523 505 1573 quare
541 1506 598 1559 in
635 1505 929 1560 seminibus
964 1523 1180 1576 quoque
1215 1505 1363 1560 idem
1399 1508 1607 1561 fateare
1643 1512 1935 1575 necessest,

339 1599 459 1634 csse
494 1582 656 1636 aliam
693 1586 914 1651 praeter
950 1582 1140 1653 plagas
1177 1586 1236 1636 et
1271 1583 1518 1651 pondera
1553 1599 1770 1636 causam
1971 1598 2046 1639 285

337 1658 586 1725 motibuS,
624 1659 769 1712 unde
806 1659 940 1712 haec
976 1663 1065 1712 est
1100 1658 1257 1714 nobis
1292 1659 1477 1713 innata
1512 1662 1773 1728 potestas,

66 1707 167 1818 ζῇ.
180 1729 261 1761 ‘³⁶⁴⁴
340 1733 409 1788 de
444 1734 553 1787 nilo
589 1735 840 1803 quoniam
878 1735 997 1789 fieri
1034 1735 1109 1788 nil
1145 1751 1306 1805 posse
1342 1736 1604 1790 videmus.

44 1814 273 1891 ‚pojum
336 1810 549 1878 pondus
585 1811 728 1864 enim
766 1811 1023 1880 prohibet
1058 1828 1128 1864 ne
1167 1812 1342 1880 plagis
1379 1813 1558 1865 omnia
1593 1812 1728 1866 fiant

38 1872 307 1961 nm„
337 1890 563 1941 externa
598 1888 750 1956 quasi
786 1888 851 1940 vi.
888 1887 988 1941 scd
1024 1904 1093 1941 ne
1126 1904 1280 1940 mens
1317 1888 1436 1957 ipsa
1477 1904 1761 1941 necessum

38 1966 205 2009 nau-³⁴·
336 1962 653 2017 intestinum
690 1962 892 2016 habeat
930 1964 1141 2017 cunctis
1177 1964 1231 2016 in
1270 1964 1433 2017 rebus
1469 1964 1694 2031 agendis
1973 1978 2044 2017 aaa

54 2031 213 2115 {14⁷2ss
337 2040 397 2091 et
431 2037 644 2092 devicta
681 2039 836 2106 quasi
870 2039 972 2092 hoc
1008 2042 1236 2106 cogatur
1270 2039 1417 2093 ferre
1453 2039 1695 2108 patique,

26 2134 141 2163 ‹ma-s
158 2129 200 2175 ⁸:
218 2110 261 2177 ff,
332 2114 395 2167 id
428 2114 561 2168 facit
597 2116 853 2181 exiguum
891 2115 1154 2168 clinamen
1191 2116 1580 2184 principiorum

34 2185 271 2243 ,maz-gp)
339 2208 437 2244 nec
473 2191 691 2258 regione
727 2191 831 2245 loci
867 2194 1021 2245 certa
1055 2207 1156 2243 nec
1194 2194 1445 2260 tempore
1481 2194 1648 2244 certe.
1791 2226 1800 2237 «

406 2267 455 2319 N
460 2283 523 2320 ec
560 2268 761 2335 stipata
796 2266 969 2335 magis
1005 2267 1110 2320 fuit
1147 2283 1406 2334 umquam
1444 2266 1697 2321 materiai
1894 2246 2242 2338 Μ

224 2358 245 2381 ·
336 2343 491 2412 copia
525 2360 624 2398 nec
658 2360 821 2412 porro
858 2343 1156 2396 maioribus
1192 2342 1505 2396 intervallis.
1708 2366 1712 2371 ·
1967 2358 2040 2399 ωε
2093 2358 2116 2379 ι’

336 2435 461 2471 nam
497 2436 674 2486 neque
709 2419 1027 2486 adaugescit
1063 2418 1351 2488 quicquam
1389 2434 1565 2486 neque
1603 2418 1824 2486 deperit
1857 2419 2000 2473 inde.

333 2500 667 2563 quapropter
702 2511 809 2562 quo
844 2512 985 2548 nunc
1023 2496 1078 2548 in
1116 2498 1271 2549 motu
1305 2494 1694 2563 principiorum
1837 2494 2232 2567 ww„

336 2587 563 2639 corpora
600 2574 738 2637 sunt,
776 2570 831 2623 in
871 2571 1062 2624 eodem
1100 2574 1231 2624 ante
1266 2573 1392 2623 acta
1427 2573 1610 2623 aetate
1645 2569 1802 2623 fuere
1886 2590 1926 2657 ‘q
1939 2578 1974 2615 f‘
2132 2616 2163 2646 q
2193 2632 2199 2639 ,

338 2650 397 2700 et
431 2650 557 2716 post
592 2646 725 2701 haec
764 2664 981 2716 semper
1017 2647 1176 2701 simili
1215 2647 1424 2700 ratione
1459 2646 1722 2713 ferentur,
1923 2667 1938 2698 ε
2087 2612 2109 2717 i,
2163 2667 2169 2688 ·

337 2724 395 2777 et
429 2740 568 2792 quae
605 2724 916 2776 consuerint
951 2724 1101 2791 gigni
1139 2724 1434 2791 gignentur
1469 2721 1660 2776 eadem
1969 2736 2042 2775 300

338 2799 657 2853 condicione
693 2803 750 2853 et
786 2802 948 2851 erunt
984 2803 1041 2852 et
1077 2802 1326 2852 crescent
1361 2800 1521 2867 vique
1558 2797 1831 2863 valebunt,

336 2879 599 2944 quantum
636 2876 831 2943 cuique
868 2876 1059 2928 datum
1096 2880 1182 2928 cst
1218 2892 1319 2944 per
1354 2874 1579 2928 foedera
1613 2874 1841 2926 naturai.

336 2968 435 3005 nec
470 2968 657 3005 rerum
694 2966 959 3003 summam
997 2954 1334 3003 commutare
1369 2950 1482 3002 ulla
1517 2953 1702 3019 potest
1737 2949 1832 3001 vis.

25 3059 61 3098 χ
294 3080 305 3093 ,
334 3043 460 3080 nam
494 3044 687 3096 neque,
724 3043 833 3096 quo
865 3027 1041 3095 possit
1074 3042 1248 3093 genus
1285 3025 1458 3078 ullum
1497 3024 1746 3078 materiai

46 3107 169 3165 ’ω
266 3092 273 3101 ’
334 3102 573 3171 effugere
598 3120 665 3157 ex
653 3102 848 3171 „pruni
863 3102 1153 3171 quicquam
1179 3104 1266 3154 est
1279 3108 1458 3169 extra,
1482 3116 1658 3169 neque
1682 3100 1741 3177 in
1752 3114 1920 3165 ,Qine
1963 3112 2033 3152 306

336 3178 482 3232 unde
517 3182 705 3232 coorta
742 3183 909 3246 queat
944 3193 1083 3231 nova
1118 3177 1200 3230 vis
1234 3177 1548 3245 inrumpere
1582 3180 1642 3229 et
1675 3190 1888 3227 omnem
