2259 3550
1145 83 1216 139 II
1991 85 2056 138 31

354 202 481 240 cum
518 188 703 248 tamen
738 185 885 238 inter
920 201 979 239 se
1014 187 1280 254 prostrati
1313 185 1372 239 in
1405 185 1652 254 gramine
1686 185 1836 240 molli

282 295 303 302 -
354 263 584 331 propter
618 276 793 328 aquae
828 260 1007 315 rivum
1042 261 1148 316 sub
1181 261 1348 316 ramis
1382 260 1592 315 arboris
1626 260 1772 317 altae
2017 281 2066 318 30

354 353 463 392 non
497 337 709 404 magnis
748 336 943 404 opibus
978 337 1214 393 iucunde
1247 353 1473 406 corpora
1505 341 1714 402 curant,

352 414 681 482 praeszstim
714 428 839 467 cum
874 417 1176 483 tempestas
1212 412 1436 469 adridet
1469 416 1530 467 et
1564 415 1689 467 anni

352 493 603 558 tempora
636 493 1004 558 conspergunt
1038 490 1327 544 viridantis
1361 489 1587 543 floribus
1621 489 1837 544 herbas.

354 581 457 619 nec
490 563 699 618 calidae
734 564 899 618 citius
934 564 1214 622 decedunt
1248 582 1476 634 corpore
1509 565 1703 628 febres,

353 639 641 695 textilibus
675 641 721 694 si
756 641 814 694 in
846 641 1075 710 picturis
1110 645 1370 710 ostroque
1406 640 1622 695 rubenti
2017 659 2064 695 35·

349 717 587 782 iacteris,
624 732 790 784 quam
828 717 873 770 si
908 717 963 770 in
998 717 1215 786 plebeia
1249 722 1402 771 veste
1437 715 1747 771 cubandum
1781 721 1882 772 est.

351 795 689 861 quapropter
724 793 977 861 quoniam
1012 793 1089 847 nil
1124 797 1313 847 nostro
1349 793 1406 846 in
1440 807 1669 862 corpore
1702 809 1870 860 gazae

352 869 645 936 proficiunt
680 885 859 937 neque
893 869 1150 924 nobilitas
1185 885 1286 924 nec
1319 867 1494 938 gloria
1527 869 1698 936 regni,

353 943 503 1012 quod
538 949 801 1013 superest,
837 946 1015 999 animo
1050 961 1270 1015 quoque
1304 943 1384 998 nil
1417 943 1680 1014 prodesse
1715 941 2050 1014 putandum:

353 1020 399 1072 si
435 1035 541 1073 non
576 1020 719 1074 forte
755 1024 879 1074 tuas
913 1021 1156 1088 legiones
1191 1037 1292 1090 per
1325 1021 1444 1075 loca
1476 1020 1654 1090 campi
2015 1039 2062 1072 40

350 1095 567 1150 fervere
601 1111 724 1150 cum
758 1096 945 1150 videas
982 1097 1111 1152 belli
1148 1096 1436 1152 simulacra
1471 1096 1680 1163 cientis,

351 1171 611 1226 subsidiis
645 1172 857 1239 magnis
892 1177 953 1227 et
986 1190 1144 1228 ecum
1179 1174 1232 1226 vi
1267 1171 1652 1238 constabilitae,

350 1250 677 1314 ornatasque
712 1248 879 1300 armis
914 1252 1125 1303 statuas
1159 1249 1478 1318 pariterque
1514 1247 1794 1314 animatas,

354 1321 439 1376 his
474 1321 579 1376 tibi
614 1326 734 1376 tum
772 1322 939 1378 rebus
974 1324 1288 1379 timefactae
1326 1322 1610 1390 religiones

352 1398 620 1466 effugiunt
655 1399 835 1453 animo
870 1400 1100 1470 pavide3
1138 1400 1440 1468 mortisque
1475 1398 1698 1452 timores
2015 1415 2062 1450 45

350 1477 471 1526 tum
508 1490 737 1528 vacuum
771 1478 963 1543 pectus
999 1475 1210 1530 lincunt
1245 1490 1484 1544 curaque
1520 1473 1773 1541 solutum,

350 1549 565 1603 fervere
600 1565 723 1603 cum
758 1549 947 1604 videas
982 1552 1208 1606 classem
1245 1551 1465 1618 lateque
1501 1549 1699 1617 vagari.

352 1625 503 1694 quod
538 1625 584 1678 si
618 1625 847 1680 ridicula
880 1626 1016 1680 haec
1051 1626 1400 1696 ludibriaque
1437 1641 1557 1680 esse
1592 1624 1854 1693 videmus,

351 1717 415 1754 re
449 1715 688 1770 veraque
723 1705 903 1756 metus
938 1702 1216 1756 hominum
1251 1719 1526 1770 curaeque
1562 1717 1820 1770 sequaces

352 1794 452 1831 nec
486 1780 739 1832 metuunt
774 1779 985 1833 sonitus
1018 1795 1290 1833 armorum
1329 1796 1428 1833 nec
1464 1778 1579 1832 fera
1615 1778 1726 1831 tela

352 1854 725 1922 audacterque
759 1854 905 1922 inter
940 1871 1099 1922 reges
1135 1872 1430 1923 rerumque
1465 1854 1704 1923 potentis
2013 1870 2061 1909 50

353 1932 639 1983 versantur
674 1946 853 1999 neque
888 1930 1156 1999 fulgorem
1192 1934 1514 1985 reverentur
1547 1929 1616 1982 ab
1651 1946 1784 1983 auro

353 2022 455 2060 nec
488 2005 693 2059 clarum
730 2006 899 2060 vestis
936 2006 1281 2074 splendorem
1320 2006 1630 2074 purpureai‚

350 2081 489 2151 quid
522 2081 745 2136 dubitas
780 2082 912 2150 quin
950 2082 1107 2135 omni’
1149 2083 1222 2136 sit
1256 2082 1392 2135 haec
1428 2081 1637 2135 rationi’
1675 2085 1920 2149 potestas
1938 2027 2226 2167 ᾖεῖη

349 2158 527 2211 omnis
560 2174 685 2211 cum
721 2158 778 2210 in
813 2157 1059 2211 tenebris
1093 2157 1416 2227 praesertim
1455 2157 1567 2210 vita
1601 2156 1825 2211 laboret.
1845 2162 2011 2233 μαι.
2037 2168 2184 2211 ..μ-ά
2211 2168 2220 2234 1

349 2249 477 2286 nam
494 2233 683 2287 -veluti
716 2233 873 2303 pueri
908 2234 1194 2302 trepidant
1226 2237 1391 2301 atque
1425 2232 1605 2285 omnia
1639 2233 1810 2286 caecis
2015 2250 2062 2286 55
2211 2242 2224 2304 ζ

350 2308 408 2361 in
443 2308 689 2363 tenebris
724 2311 989 2373 metuunt,
1026 2310 1103 2363 sic
1140 2325 1238 2362 nos
1272 2309 1328 2361 in
1365 2308 1485 2361 luce
1521 2308 1776 2361 timemus
1823 2263 2179 2389 Μ’
2215 2309 2226 2341 ‘-

348 2384 641 2451 interdum,
677 2385 789 2438 nilo
825 2400 967 2453 quae
1002 2390 1129 2437 sunt
1164 2384 1460 2437 metuenda
1494 2382 1668 2450 magis
1704 2400 1866 2451 quam
1925 2386 2218 2489 W„

352 2476 495 2527 quae
527 2460 683 2527 pueri
720 2460 775 2513 in
810 2460 1058 2514 tenebris
1093 2464 1345 2524 pav1tant
1382 2459 1704 2527 finguntque
1737 2458 1935 2513 futura.

318 2534 493 2611 ghunc
526 2536 696 2603 igitur
732 2540 1000 2589 terrorem
1038 2536 1205 2590 animi
1240 2533 1604 2602 tenebrasque
1639 2538 1916 2589 necessest

318 2612 458 2670 {non
494 2610 634 2664 radii
670 2611 799 2665 solis
837 2627 1018 2679 neque
1054 2611 1234 2664 lucida
1271 2609 1383 2663 tela
1420 2609 1530 2664 diei
2013 2628 2060 2665 60

321 2679 667 2753 {discutianss
706 2686 806 2741 sed
841 2694 1072 2744 naturae
1107 2685 1318 2755 species
1355 2685 1623 2755 ratioque.

74 2774 167 2830 -η,
230 2804 255 2831 ,
285 2774 325 2823 1·
422 2762 581 2817 Nunc
616 2779 734 2831 age,
770 2779 879 2831 quo
914 2766 1069 2816 motu
1100 2762 1364 2831 genitalia
1398 2762 1648 2817 materiai

72 2834 311 2913 uma„
350 2854 577 2907 corpora
611 2855 705 2892 res
741 2840 920 2893 varias
952 2840 1179 2907 gignant
1214 2839 1538 2907 genitasque
1575 2837 1850 2891 resolvant
1937 2903 1942 2912 .

64 2911 325 3011 &mm
350 2917 409 2968 et
446 2931 555 2981 qua
589 2915 643 2968 vi
678 2914 860 2969 facere
896 2916 956 2970 id
990 2918 1257 2983 cogantur
1291 2931 1542 2983 quaeque
1579 2913 1652 2967 sit
1687 2913 1810 2985 ollis
2045 2914 2050 2917 ’
2105 2894 2150 2994 ’ᾗ

64 3006 230 3083 ssew&
243 3016 311 3070 Ἡ·
350 2990 573 3043 reddita
606 2990 885 3045 mobilitas
921 3007 1178 3059 magnum
1214 3006 1314 3059 per
1347 2990 1506 3043 inane
1542 2988 1779 3055 meandi,
2011 3005 2036 3044 6

59 3084 283 3169 ’ΝΛΞ
308 3091 320 3101 ·
351 3064 669 3134 expediam:
703 3069 769 3119 tu
803 3070 862 3120 te
898 3065 1063 3121 dictis
1095 3066 1363 3135 praebere
1397 3066 1690 3119 memento.
1782 3024 2168 3135 ΜΤἶῑῇἢῃβ)
2186 3050 2218 3085 Υ
2243 3086 2245 3121 2

58 3145 677 3286 wmngsgjge
699 3142 1085 3273 Ἒὶῗὲῑὶῐὲ
1096 3128 1721 3301 Jsspffssasffffffffeffgss
1753 3110 2111 3257 ‘ffiw
2127 3140 2150 3244 ῖ
2169 3141 2198 3169 *
2243 3140 2245 3151 ·

100 3273 297 3369 §siai
346 3292 490 3360 offla-o
522 3286 770 3349 (suffia,
916 3285 940 3323 ι
1901 3256 2182 3341 &Metuo

1845 3340 1993 3394 τηρῇ

1841 3402 1970 3481 Q.
