2259 3550
1138 115 1202 169 V
1922 114 2033 172 133

330 222 407 274 sic
446 220 617 288 igitur
652 224 771 275 tum
808 237 868 276 se
902 219 1037 275 levis
1072 236 1136 275 ac
1173 219 1424 274 diffusilis
1459 218 1654 275 aether

328 313 558 365 corpore
594 300 849 350 concreto
885 296 1258 350 circumdatus
1293 296 1536 364 undique
1557 294 1727 361 flexit

328 376 389 426 et
422 373 534 426 late
574 372 799 426 diffusus
834 372 890 425 in
928 372 1101 426 omnis
1136 372 1378 442 undique
1416 374 1588 439 1nrtis

330 451 509 503 omnia
546 449 623 502 sic
660 449 819 503 avido
855 449 1146 518 complexu
1183 452 1368 503 cetera
1404 449 1620 517 saepsit.
1963 463 2038 503 470

328 522 474 580 hunc
513 525 737 580 exordia
774 529 903 579 sunt
938 524 1066 579 solis
1100 526 1370 594 lunaeque
1406 527 1605 592 secuta,

327 602 710 672 interutraque
745 601 894 670 globi
931 618 1164 670 quorum
1200 604 1492 657 vertuntur
1526 599 1584 654 in
1619 601 1795 662 auris:

331 695 471 749 quae
505 695 684 748 neque
719 674 872 733 teri-a
908 679 1012 731 sibi
1048 678 1280 732 adscivit
1315 694 1416 732 nee
1450 677 1720 730 maximus
1755 678 1961 745 aether,

330 756 480 825 quod
515 772 695 824 neque
729 759 844 810 tam
878 755 1104 809 fuerunt
1139 755 1326 824 gravia
1361 758 1424 809 ut
1462 755 1720 824 depressa
1755 754 2026 820 sederent,

328 848 431 886 nec
465 832 607 886 levia
641 835 705 886 ut
740 835 965 900 possent
999 848 1100 900 per
1135 848 1373 886 summas
1409 832 1583 885 labier
1617 847 1757 898 oras,
1965 846 2032 884 475

330 909 389 961 et
424 911 608 962 tamen
645 907 1027 976 interutraque
1061 909 1144 962 ita
1179 913 1307 962 sunt
1341 913 1405 962 ut
1441 924 1668 976 corpora
1703 908 1828 962 viva

332 989 550 1038 versent
586 988 645 1038 et
678 987 866 1052 partes
901 987 965 1036 ut
1001 985 1191 1038 mundi
1227 985 1400 1039 totius
1435 989 1657 1050 extent3

330 1060 478 1128 quod
513 1077 685 1128 genus
719 1059 778 1113 in
813 1060 969 1115 nobis
1006 1061 1278 1129 quaedam
1315 1061 1445 1114 licet
1481 1061 1538 1115 in
1573 1061 1810 1116 statione

330 1137 577 1189 membra
610 1153 847 1206 manere,
882 1140 1066 1191 tamen
1102 1155 1224 1191 cum
1263 1139 1370 1191 sint
1405 1155 1471 1191 ca
1507 1153 1648 1206 quae
1683 1142 2018 1193 moveantur.

329 1211 413 1265 his
448 1212 618 1280 igitur
652 1213 816 1267 rebus
850 1214 1106 1267 retractis
1143 1219 1294 1266 terra
1329 1219 1571 1282 repente,
1959 1231 2033 1268 4³0

330 1305 585 1342 maxuma
622 1305 731 1357 qua
766 1305 907 1342 nunc
943 1305 1003 1342 se
1039 1289 1194 1358 ponti
1231 1290 1393 1358 plaga
1429 1289 1646 1344 caerula
1679 1290 1875 1358 tendit,

332 1365 562 1419 succidit
600 1370 656 1418 et
693 1366 833 1418 salso
871 1365 1099 1418 suffudit
1134 1365 1354 1432 gurgite
1393 1365 1579 1420 fossas.

329 1441 494 1510 inque
532 1441 651 1495 dies
685 1444 893 1510 quanto
929 1440 1134 1494 circum
1173 1443 1345 1509 magis
1383 1442 1624 1496 aetheris
1659 1445 1846 1496 aestus

330 1522 389 1572 et
424 1517 563 1571 radii
601 1517 729 1570 solis
768 1517 1039 1585 cogebant
1074 1517 1318 1586 undique
1353 1521 1560 1571 terram

328 1593 647 1649 verberibus
682 1594 887 1648 crebris
923 1598 1172 1648 extrema
1207 1593 1279 1647 ad
1313 1593 1500 1648 limina
1533 1595 1600 1648 in
1635 1598 1837 1664 artum,
1959 1611 2029 1649 485

327 1670 385 1723 in
420 1670 604 1724 medio
640 1674 705 1725 ut
738 1671 995 1740 propulsa
1032 1687 1146 1724 suo.
1165 1671 1439 1725 condensa
1475 1671 1662 1738 coiret,

328 1751 445 1802 tam
478 1749 651 1816 magis
686 1764 978 1817 expressus
1016 1747 1188 1802 salsus
1225 1747 1298 1803 de
1332 1763 1557 1817 corpore
1593 1748 1760 1803 sudor

328 1824 567 1893 augebat
602 1841 753 1877 mare
788 1825 1059 1878 manando
1094 1841 1424 1894 camposque
1459 1826 1713 1894 natanti8‚

328 1904 388 1955 et
422 1904 581 1955 tanto
616 1900 790 1969 magis
825 1901 919 1953 illa
953 1901 1099 1954 foras
1137 1901 1320 1955 elabsa
1354 1900 1610 1956 volabant

327 1993 553 2046 corpora
588 1977 762 2030 multa
797 1978 1011 2045 vaporis
1046 1980 1105 2031 et
1142 1978 1282 2031 aeris
1317 1978 1537 2046 altaque
1572 1979 1707 2033 caeli
1961 1998 2032 2036 493

327 2052 630 2107 densebant
665 2052 850 2122 procul
886 2070 919 2105 a
953 2054 1119 2107 terris
1152 2052 1418 2121 fulgentia
1453 2055 1671 2121 templa.

326 2128 580 2184 sidebant
615 2129 805 2197 campi,
843 2128 1165 2183 crescebant
1200 2129 1478 2183 montibus
1514 2130 1640 2183 altis

324 2221 609 2271 ascensus;
643 2222 823 2274 neque
860 2206 1003 2259 enim
1037 2208 1298 2273 poterant
1333 2203 1618 2259 subsidere
1653 2224 1784 2263 saxa

324 2296 425 2334 nec
457 2282 669 2350 pariter
704 2280 1028 2335 tantundem
1064 2297 1254 2335 omnes
1291 2281 1641 2336 succumbere
1677 2287 1865 2352 partis.

398 2356 488 2411 Sic
522 2356 693 2425 igitur
726 2360 911 2411 terrae
947 2360 1200 2411 concreto
1236 2373 1464 2426 corpore
1497 2358 1709 2426 pondus
1961 2376 2030 2414 495

326 2434 572 2487 constitit
609 2437 779 2503 atque
816 2433 989 2488 onmis
1024 2433 1214 2486 mundi
1252 2433 1407 2500 quasi
1445 2433 1604 2487 limus
1641 2435 1694 2486 in
1731 2436 1895 2489 imum

328 2509 592 2563 confluxit
625 2509 808 2577 gravis
844 2514 904 2564 et
941 2510 1191 2563 subsedit
1226 2509 1474 2564 funditus
1508 2515 1572 2564 ut
1607 2510 1760 2574 faex3

326 2586 458 2639 inde
493 2602 645 2639 mare
682 2586 811 2640 inde
846 2601 943 2640 aer
976 2585 1107 2639 inde
1142 2586 1336 2639 aether
1369 2586 1570 2655 ignifer
1603 2588 1722 2656 ipsc

325 2661 642 2731 corporibus
675 2662 897 2731 liquidis
933 2665 1061 2717 sunt
1097 2663 1277 2717 omnia
1310 2679 1450 2732 pura
1485 2663 1689 2732 relicta,

325 2742 385 2791 et
419 2738 625 2793 leviora
661 2739 780 2792 aliis
814 2739 936 2807 alia,
975 2741 1034 2793 et
1068 2738 1465 2807 liquidissimus
1501 2740 1695 2794 aether
1958 2755 2030 2797 σου

324 2818 492 2883 atque
525 2814 829 2869 levissimus
864 2816 1039 2869 aerias
1075 2831 1240 2885 super
1271 2814 1454 2870 influit
1489 2832 1662 2883 auras,

323 2907 423 2945 nec
456 2890 724 2959 liquidum
760 2908 957 2959 corpus
993 2889 1344 2948 turbantibus
1379 2892 1521 2945 aeris
1557 2892 1702 2945 auris

324 2969 668 3034 commiscet3
704 2968 833 3022 sinit
866 2966 1001 3020 haec
1035 2967 1288 3022 violentis
1324 2966 1505 3020 omnia
1539 2968 1681 3020 verti

324 3042 650 3109 turbinibus,
688 3045 817 3098 sinit
852 3043 1077 3097 incertis
1113 3043 1339 3098 turbare
1373 3043 1638 3111 procellis,

322 3116 443 3186 ipse
479 3135 605 3173 suos
640 3120 781 3187 ignis
817 3122 969 3174 certo
1004 3119 1117 3173 fert
1152 3120 1360 3189 impete
1395 3118 1596 3173 labens.
1955 3136 2027 3175 ⁵05

322 3206 451 3255 nam
484 3195 697 3248 modice
731 3195 903 3249 fluere
939 3198 1109 3264 atque
1143 3211 1251 3249 uno
1271 3212 1446 3287 ,posse
1483 3194 1708 3249 aethera
1743 3195 1864 3250 nisu
