2259 3550
236 171 563 240 expertique
598 185 726 224 sues
760 185 950 225 saevos
986 175 1117 224 sunt
1151 171 1374 226 mittere
1407 172 1468 226 in
1499 172 1684 228 hostis.

234 251 297 301 et
330 245 537 298 validos
571 245 773 314 partim
808 261 945 314 prae
980 263 1039 300 se
1072 245 1272 302 misere
1305 248 1491 303 leones
1845 264 1948 305 1310

236 340 359 377 cum
397 322 709 375 doctoribus
744 323 970 376 armatis
1002 323 1287 391 saevisque
1323 325 1604 392 magistris
2194 365 2196 368 ψ

235 399 329 468 qui
364 399 701 452 moderarier
735 397 821 450 his
856 401 1083 466 possent
1116 399 1421 469 vinclisque
1455 405 1660 468 tenere,

234 476 576 545 nequiquam,
612 475 863 543 quoniam
898 476 1174 544 permixta
1206 477 1376 531 caede
1411 477 1649 532 calentes

234 550 534 606 turbabant
569 552 719 605 saevi
754 551 903 604 nullo
938 550 1251 606 discrimine
1283 556 1510 619 turmas,

234 643 523 676 ‘stamnum
543 638 759 677 culfum
786 643 1089 682 QUATIRMRS
1116 644 1342 684 UNDIQUB
1365 645 1561 678 (5me
1841 643 1942 685 1315

234 723 335 760 nec
368 710 631 776 poterant
666 707 878 776 equites
914 707 1142 761 fremitu
1175 707 1477 776 perterrita
1511 722 1774 776 equorum

234 785 459 850 pectora
492 783 729 836 mulcere
764 785 823 836 et
856 783 1026 836 frenis
1060 786 1382 837 convertere
1415 783 1473 836 in
1507 783 1694 836 hostis.

234 859 463 912 inritata
496 859 615 913 leae
650 858 921 912 iaciebant
954 875 1184 929 corpora
1218 859 1363 913 saltu

234 934 475 1004 undiquc
510 938 569 988 et
603 934 893 989 adversum
928 935 1276 989 venientibus
1309 952 1408 989 ora
1441 935 1708 1006 petebant

234 1014 295 1063 et
329 1026 429 1063 nec
466 1011 737 1078 opinantis
770 1027 805 1062 a
838 1014 997 1078 tergo
1032 1010 1378 1079 deripiebant
1845 1022 1942 1062 1320

234 1085 608 1154 deplexaeque
645 1086 851 1140 dabant
884 1087 940 1139 in
976 1089 1182 1140 terram
1218 1086 1438 1140 volnere
1471 1086 1659 1151 vietOS,

235 1163 503 1214 morsibus
539 1161 753 1216 adfixae
788 1162 982 1215 validis
1016 1167 1186 1231 atque
1223 1162 1494 1230 unguibus
1527 1162 1694 1216 uncis.

234 1237 620 1307 iactabantque
656 1254 785 1292 suos
818 1239 965 1292 tauri
999 1238 1344 1306 pedibusque
1377 1237 1636 1292 terebant

234 1317 297 1367 et
328 1314 503 1368 latera
536 1331 599 1368 ae
632 1319 852 1369 ventres
887 1314 1182 1368 hauribant
1215 1318 1407 1383 supter
1439 1330 1703 1383 equorum

234 1389 489 1443 cornibus
524 1394 583 1444 et
618 1395 823 1444 terram
859 1391 1134 1446 minitanti
1167 1390 1354 1444 fronte
1391 1390 1639 1444 ruebant.
1841 1403 1940 1443 1325

235 1468 293 1519 et
328 1465 521 1519 validis
557 1467 727 1520 socios
762 1467 1064 1521 caedebant
1098 1466 1356 1520 dentibus
1390 1467 1510 1536 apri

235 1541 347 1595 tela
378 1543 613 1596 infracta
646 1559 743 1596 suo
778 1544 1093 1611 tinguentes
1130 1543 1392 1611 sanguine
1425 1541 1589 1608 saevi,

236 1631 289 1663 IN
316 1633 371 1664 ΒΕ
399 1633 585 1664 FRAcrA
610 1633 701 1665 SUO
732 1633 1033 1666 Tmamfflrns
1058 1633 1303 1666 smomnu
1329 1633 1450 1666 'rma

234 1695 644 1763 permixtasque
680 1695 889 1750 dabant
924 1697 1172 1766 equitum
1204 1695 1564 1765 peditumque
1599 1693 1796 1748 ruinas.

234 1787 358 1823 nam
394 1773 705 1825 transversa
740 1772 888 1827 feros
922 1772 1147 1828 exibant
1180 1771 1365 1827 dentis
1399 1771 1629 1826 adactus
1839 1784 1938 1824 1330

232 1846 477 1901 iumenta
512 1850 609 1901 aut
642 1848 876 1918 pedibus
911 1853 1103 1904 ventos
1139 1852 1324 1903 erecta
1357 1848 1638 1918 petebant,

232 1924 580 1993 nequiquam,
620 1925 875 1993 quoniam
910 1926 981 1980 ab
1014 1926 1198 1980 nervis
1233 1925 1441 1979 suecisa
1475 1923 1692 1977 videres

233 2000 520 2053 concidere
555 2004 723 2070 atque
756 2003 909 2070 gravi
942 2006 1150 2056 terram
1185 2004 1536 2055 consternere
1569 2014 1713 2052 casu.

234 2074 417 2144 siquos
452 2080 583 2131 ante
618 2078 765 2131 domi
801 2078 1039 2132 domitos
1074 2078 1208 2131 satis
1241 2093 1364 2131 esse
1398 2075 1680 2144 putabant,

232 2151 586 2207 effervescere
622 2154 919 2208 cernebant
952 2154 1009 2207 in
1044 2153 1210 2207 rebus
1243 2152 1476 2221 agundis
1838 2162 1936 2201 1³:35

192 2288 195 2293 ¹
229 2227 541 2283 volneribus
576 2229 810 2283 clamore
844 2230 973 2298 fuga
1007 2233 1221 2285 terrore
1255 2228 1512 2295 tumultu,

232 2319 332 2357 nec
365 2309 621 2373 poterant
657 2305 823 2358 ullam
859 2310 1073 2375 partem
1108 2305 1414 2359 redducere
1447 2319 1668 2366 eorunm

233 2377 552 2448 diffugiebat
587 2382 732 2435 enim
770 2383 978 2435 varium
1014 2398 1187 2449 genus
1220 2397 1382 2434 omne
1416 2379 1688 2442 ferarum;

231 2457 295 2508 ut
329 2472 473 2509 nune
509 2473 673 2527 saepe
708 2457 874 2512 boves
908 2458 1064 2511 lucae
1098 2457 1245 2510 ferro
1279 2455 1422 2510 male
1457 2456 1668 2508 mactae

232 2530 537 2600 diffugiunt,
569 2534 691 2587 fera
723 2535 839 2589 fata
874 2534 984 2588 suis
1018 2550 1140 2587 cum
1177 2533 1352 2586 multa
1385 2530 1606 2584 dedere.
1840 2541 1934 2581 1310

196 2642 209 2655 0
229 2622 274 2655 SI
296 2623 412 2656 FUIT
437 2624 500 2656 m·
524 2624 773 2659 FAOEBEST
798 2626 886 2659 sm)
911 2626 999 2659 ΠΧ.
1016 2626 1249 2659 ΑΒΒῸΟΟΒ.
1269 2625 1332 2657 U‘r
1351 2624 1478 2657 ANTE

230 2683 330 2716 NON
350 2684 585 2723 Qumnmr
604 2686 759 2719 Amo
777 2686 1105 2719 PRAESENTIBB
1124 2685 1287 2724 ATQUE
1307 2682 1491 2716 leBRB·

232 2746 371 2783 QUAM
391 2746 629 2779 COMMUNE
648 2747 824 2780 MALUM
846 2748 1017 2779 anm'
1034 2746 1333 2785 FoEDUMQUB
1352 2742 1590 2776 FUTURUH

232 2808 289 2840 ΕΤ
309 2808 461 2840 MAGIS
482 2809 535 2840 11)
554 2809 701 2841 Possls
719 2809 911 2841 FAcrUM
931 2808 1245 2843 CONTENDEBE
1264 2807 1319 2840 IN
1337 2805 1459 2839 oum

232 2868 287 2899 IN
304 2869 465 2901 VARIIS
484 2870 671 2903 MUNDIS
690 2870 845 2903 VARIA
864 2871 1076 2903 RATIONE
1095 2868 1295 2904 camus
1835 2866 1931 2905 1346

230 2929 370 2966 QUAM
390 2932 541 2964 OERTO
561 2932 720 2972 ATQUE
738 2932 837 2965 tmo
854 2932 1122 2965 TRRRARUM
1143 2930 1380 2971 Quomnm·
1398 2931 1516 2963 omn

232 2992 332 3042 sed
365 2993 547 3047 facere
580 2994 641 3047 id
674 3011 783 3049 non
818 2998 933 3048 tam
965 2994 1219 3047 vincendi
1255 3010 1352 3062 spe
1385 2993 1690 3057 voluerunt,

232 3080 396 3130 quam
432 3067 566 3121 dare
601 3070 751 3137 quod
783 3073 1069 3135 gemerent
1102 3069 1304 3134 hostes,
1337 3068 1552 3135 ipsique
1585 3067 1782 3134 perire,

228 3137 323 3205 qui
356 3154 583 3192 numero
618 3142 940 3195 diffidebant
974 3142 1250 3209 armisque
1283 3140 1564 3194 vacabant.
