2259 3550
1174 58 1234 111 V
1957 63 2061 118 151

366 177 467 230 per
501 161 709 214 caelum
744 161 887 215 volvi
922 161 1054 232 quia
1086 176 1196 214 nox
1233 166 1290 215 et
1325 162 1454 215 luna
1488 162 1724 232 videtur,

364 239 494 292 luna
528 238 647 292 dies
680 241 740 293 et
774 255 881 292 nox
916 243 976 293 et
1009 238 1188 292 noctis
1225 238 1380 306 signa
1413 254 1605 294 severa
1975 257 2070 298 1100

366 316 791 383 noctivagaeque
826 315 975 369 faces
1008 314 1146 368 caeli
1183 314 1544 384 flammaeque
1577 317 1840 386 volantes,

366 392 551 445 nubila
586 391 666 445 sol
700 389 906 444 hubres
939 391 1034 444 nix
1069 392 1222 445 venti
1255 391 1482 450 fulmina
1515 393 1725 460 grando

366 472 427 522 et
460 469 639 538 rapidi
670 468 923 522 fremitus
957 472 1016 522 et
1050 484 1332 523 murmura
1367 485 1564 536 magna.
1599 470 1881 524 minarum.

437 545 484 599 Ο
520 563 694 614 genus
728 545 916 599 infelix
951 545 1264 612 humanum,
1300 545 1432 598 talia
1467 545 1608 599 divis
1907 486 2132 622 mede

366 631 489 675 011111
524 621 719 676 tribuit
752 623 899 675 facta
932 625 1103 689 atque
1137 621 1244 674 iras
1280 621 1532 676 adiunxit
1565 621 1820 676 acerbas!
1977 635 2068 674 1195

364 701 599 767 quantos
633 702 749 752 tum
788 698 1027 765 gemitus
1062 698 1168 766 ipsi
1206 697 1324 764 sibi,
1361 701 1672 767 quanteque
1707 697 1863 752 nobis

364 774 601 841 volnera,
638 791 773 842 quas
808 774 1057 827 lacrimas
1094 789 1360 842 peperere
1395 773 1678 827 minoribu’
1715 775 1941 828 nostris!

365 867 467 903 1100
500 851 679 919 pietas
715 851 881 903 ullast
916 849 1157 904 velatum
1195 867 1358 918 saepe
1395 850 1572 904 videri

366 927 570 980 vertier
603 926 675 979 ad
711 926 949 994 lapidem
985 930 1153 994 atque
1188 927 1360 979 omnis
1398 926 1662 980 accedere
1698 925 1772 980 ad
1805 942 1928 979 aras

364 1018 463 1055 nec
482 1001 839 1071 procumbere
854 1002 1003 1056 humi
1021 1006 1360 1071 prostratum
1379 1007 1438 1056 et
1456 1001 1698 1071 pandere
1715 1001 1923 1070 palmas
1973 1015 2068 1054 1200

362 1081 494 1132 ante
529 1077 692 1132 deum
730 1078 958 1132 delubra
992 1095 1091 1132 nec
1126 1095 1251 1132 aras
1287 1079 1550 1146 sanguine
1585 1080 1759 1132 multo

364 1171 621 1224 spargere
658 1154 1075 1222 quadrupedum
1111 1171 1212 1208 1100
1249 1155 1390 1208 votis
1425 1158 1648 1209 nectere
1683 1157 1824 1221 vota,

361 1231 463 1284 sed
497 1247 655 1298 mage
690 1235 887 1299 pacata
922 1247 1081 1299 posse
1118 1231 1301 1284 omnia
1337 1235 1522 1285 mente
1561 1231 1722 1286 tueri.

362 1323 488 1360 nam
524 1323 647 1360 011111
684 1307 1004 1376 suspicimus
1040 1308 1224 1375 magni
1259 1308 1518 1362 caelestia
1552 1307 1742 1362 mundi
1774 1373 1778 1377 .

362 1383 585 1451 templa,
610 1399 775 1452 super
799 1383 1078 1452 stellisque
1101 1384 1429 1438 micantibus
1454 1383 1682 1438 aethera
1708 1385 1890 1450 fixum,
1971 1397 2067 1435 1205

360 1462 423 1513 et
456 1460 609 1513 venit
644 1458 697 1512 in
736 1464 976 1514 mentem
1013 1460 1140 1513 solis
1175 1461 1445 1530 lunaeque
1481 1459 1708 1527 viarum,

360 1538 494 1589 tunc
530 1535 651 1588 aliis
686 1552 946 1605 oppressa
980 1536 1139 1590 malis
1174 1536 1230 1589 in
1267 1543 1490 1605 pectora
1525 1553 1658 1590 cura

359 1610 457 1664 illa.
489 1627 707 1679 quoque
743 1611 1188 1679 expergefactum
1225 1617 1392 1682 caput
1427 1612 1640 1682 erigere
1677 1613 1814 1679 infit,

360 1702 573 1756 nequae
606 1687 751 1740 forte
788 1687 951 1740 deum
989 1687 1148 1741 nobis
1182 1688 1426 1742 inmensa
1460 1692 1705 1758 potestas

358 1763 448 1830 sit,
486 1763 633 1817 vario
668 1766 824 1817 motu
858 1780 1003 1832 quae
1034 1763 1272 1819 candida
1307 1764 1490 1819 sidera
1525 1769 1719 1821 verset.
1971 1778 2066 1841 1219

358 1842 599 1908 temptat
634 1840 779 1892 enim
814 1838 1039 1892 dubiam
1074 1844 1316 1893 mentem
1352 1842 1576 1895 rationis
1611 1844 1844 1907 egestas,

358 1931 691 1984 ecquaenam
727 1914 896 1969 fuerit
932 1914 1119 1969 mundi
1153 1916 1408 1983 genitalis
1445 1918 1610 1984 erige,

358 1994 418 2044 et
454 1990 615 2044 simul
650 2006 856 2059 ecquae
890 1991 963 2043 sit
998 1990 1139 2057 finis,
1175 1991 1356 2059 quoad
1390 1994 1604 2045 moenia
1640 1992 1827 2044 mundi

358 2066 577 2120 solliciti
611 2069 793 2120 motus
829 2066 971 2119 hunc
1006 2066 1219 2135 possint
1255 2068 1399 2119 ferre
1435 2067 1692 2132 laborem,

356 2160 429 2195 an
466 2142 729 2195 divinitus
762 2145 987 2195 aeterna
1021 2142 1228 2195 donata
1263 2141 1440 2195 salute
1969 2158 2060 2195 1215

357 2222 625 2287 perpetuo
661 2218 877 2287 possint
912 2220 1031 2271 aevi
1068 2218 1306 2271 labentia
1342 2221 1525 2271 tractu

356 2295 588 2349 inmensi
623 2294 830 2368 validas
864 2295 983 2348 aevi
1020 2298 1370 2348 contemnere
1408 2294 1552 2346 viris

354 2374 645 2440 praeterea
680 2370 767 2424 eui
802 2385 909 2423 11011
940 2371 1156 2423 animus
1192 2370 1482 2423 formidine
1517 2370 1704 2423 divum

356 2446 709 2512 contrahitur,
747 2446 835 2500 cui
868 2462 975 2499 non
1010 2450 1307 2513 correpunt
1343 2445 1588 2498 membra
1623 2461 1838 2513 pavore,

354 2522 593 2577 fulminis
626 2521 873 2577 horribili
908 2538 1031 2575 cum
1067 2521 1231 2590 plaga
1265 2520 1474 2575 torrida
1510 2521 1673 2575 tellus
1965 2535 2056 2573 1220

354 2599 650 2653 contremit
684 2602 743 2653 et
778 2614 1036 2669 magnum
1070 2602 1400 2667 percurrunt
1435 2614 1714 2651 murmura
1748 2598 1988 2652 caelum?

355 2692 462 2728 11011
498 2676 684 2745 populi
718 2677 1019 2742 gentesque
1051 2676 1313 2741 tremunt,
1348 2688 1614 2743 regesque
1649 2672 1870 2741 superbi

355 2751 660 2820 corripiunt
695 2750 879 2803 divum
914 2750 1160 2819 percussi
1195 2750 1442 2805 membra
1475 2750 1688 2816 timore,

354 2827 557 2896 nequid
592 2828 663 2881 ob
698 2826 998 2880 admissum
1033 2826 1195 2881 foede
1230 2826 1507 2881 dictumve
1543 2826 1778 2896 superbe

350 2920 651 2971 poenarum
686 2918 853 2971 grave
890 2902 963 2956 sit
998 2902 1245 2956 solvendi
1281 2907 1499 2971 tempus
1515 2901 1816 2957 'adultum‘l
1959 2916 2049 2953 1225

352 2996 565 3033 summa
598 2980 765 3033 etiam
799 2993 924 3031 eum
959 2978 1043 3031 vis
1077 2979 1302 3032 violenti
1336 2996 1437 3047 per
1471 2994 1623 3031 mare
1657 2978 1806 3031 venti

348 3055 793 3125 induperatorem
828 3054 1017 3109 classis
1052 3070 1218 3124 super
1253 3070 1487 3123 aequora
1521 3054 1692 3108 verrit

351 3147 477 3184 cum
512 3132 707 3186 validis
740 3132 950 3201 pariter
984 3131 1290 3199 legionibus
1323 3134 1492 3199 atque
1527 3130 1848 3200 elephantiS‚
