2259 3550
266 3032 268 3034 .
348 2990 416 3027 ex
453 2974 666 3028 infinito
700 2973 807 3026 iam
843 2976 1091 3041 tempore
1126 2971 1336 3040 percita
1370 2971 1542 3039 plagis

1167 129 1224 183 V
1945 129 2046 184 131
2104 144 2106 147 ’

351 237 532 290 omnia
568 233 834 290 diluviare
871 251 939 288 ex
976 234 1090 288 alto
1124 233 1346 302 gurgite
1381 235 1550 302 pont-i,

352 312 700 380 nequiquam,
736 309 993 379 quoniam
1030 312 1313 363 verrentes
1347 326 1585 378 aequora
1621 309 1772 364 venti

353 388 677 442 deminuunt
712 387 991 456 radiisque
1026 390 1283 441 retexens
1316 387 1593 440 aetherius
1629 387 1725 453 sol,

350 468 411 518 et
445 465 649 519 siccare
684 463 837 532 prius
873 463 1156 516 confidunt
1193 463 1371 516 omnia
1405 479 1564 530 posse
1984 475 2058 514 390

350 555 517 608 quam
552 540 733 609 liquor
766 539 971 606 incepti
1007 539 1183 607 possit
1218 537 1536 606 contingere
1569 537 1747 591 finem.

352 617 569 670 tantum
606 615 875 684 spirantes
913 630 1087 683 aequo
1123 613 1424 667 certamine
1458 612 1660 666 bellum

350 691 561 759 magnis
597 691 751 744 inter
785 706 841 744 se
876 690 947 744 de
981 689 1148 744 rebus
1185 705 1410 743 eernere
1447 691 1678 755 certant,

348 783 471 821 cum
509 767 676 820 semel
714 767 927 820 interea
961 766 1132 820 fuerit
1168 765 1515 834 superantior
1549 764 1692 832 ignis

348 846 408 896 et
444 843 627 910 semel,
666 846 729 897 ut
766 843 911 896 fama
945 845 1046 908 est,
1084 857 1242 894 umor
1276 841 1522 909 regnarit
1557 841 1615 894 in
1650 841 1807 894 arvis,
1984 857 2055 894 395

346 919 487 987 ignis
524 919 668 972 enim
704 922 927 987 superat
962 921 1021 972 et
1057 917 1304 971 lambens
1341 917 1514 971 multa
1548 917 1802 987 perussit,

348 996 469 1048 avia
502 1011 625 1048 cum
664 995 1008 1049 Phaethonta
1043 1011 1212 1062 rapax
1250 993 1332 1047 vis
1367 993 1495 1047 solis
1531 1009 1798 1063 equorum

350 1072 574 1124 aethere
610 1071 848 1140 raptavit
884 1074 1003 1124 toto
1040 1073 1329 1139 terrasque
1365 1084 1465 1138 per
1499 1069 1686 1124 omnis.

347 1151 406 1200 at
441 1152 600 1216 pater
636 1147 977 1214 omnipotens
1012 1146 1095 1198 ira
1129 1149 1248 1199 tum
1284 1145 1527 1215 percitus
1563 1147 1674 1200 acri

348 1223 749 1291 magnanimum
790 1221 1138 1275 Phaethonta
1174 1221 1388 1290 repenti
1425 1221 1665 1274 fulminis
1701 1223 1816 1276 ictu
1982 1237 2053 1276 400

350 1297 667 1353 deturbavit
703 1297 859 1367 equis
895 1298 949 1350 in
988 1301 1209 1363 terram,
1249 1297 1436 1364 solque
1473 1297 1692 1351 cadenti

348 1374 538 1428 obvius
574 1377 852 1427 aeternam
892 1373 1136 1440 succepit
1172 1371 1428 1442 lampada
1461 1371 1651 1425 mundi

348 1450 713 1519 disiectosque
748 1448 967 1516 redegit
1002 1464 1174 1516 equos
1207 1448 1496 1517 iunxitque
1531 1450 1834 1516 trementis,

346 1527 477 1580 inde
513 1543 671 1580 suum
706 1542 808 1596 per
842 1526 952 1579 iter
985 1525 1255 1578 recreavit
1289 1528 1484 1578 cuncta
1517 1525 1841 1592 gubernanS,

347 1603 553 1656 scilicet
588 1607 651 1656 ut
684 1605 902 1656 veteres
938 1601 1167 1655 Graium
1202 1600 1447 1654 cecinere
1481 1603 1692 1669 poetae.
1978 1615 2050 1654 405

346 1679 494 1747 quod
528 1677 717 1748 procui
753 1695 787 1731 a
822 1693 953 1731 vera
990 1677 1149 1730 nimis
1185 1681 1272 1731 est
1309 1677 1518 1731 ratione
1556 1677 1846 1745 repulsum.

345 1755 487 1825 ignis
522 1754 666 1810 enim
704 1770 962 1823 superare
998 1756 1184 1822 potest
1218 1752 1312 1806 ubi
1348 1751 1595 1806 materiai

345 1848 416 1887 ex
450 1832 661 1885 infinito
699 1834 827 1885 sunt
862 1846 1088 1898 corpora
1122 1830 1282 1898 plura
1316 1833 1531 1893 coorta3

343 1908 473 1963 inde
507 1907 711 1962 cadunt
745 1906 891 1959 vires
926 1907 1110 1973 aliqua
1147 1906 1354 1959 ratione
1390 1905 1642 1973 revictae,

347 1988 444 2037 aut
478 1987 710 2052 pereunt
745 1998 833 2035 res
870 1986 1097 2035 exustae
1131 1980 1470 2035 torrentibus
1505 1981 1663 2033 auris,
1976 1997 2050 2035 410

344 2076 501 2114 umor
535 2060 669 2113 item
706 2058 981 2127 quondam
1018 2058 1198 2125 coepit
1233 2072 1490 2123 superare
1525 2062 1760 2124 coortuS,

344 2139 409 2189 ut
442 2135 589 2189 fama
624 2139 723 2201 est,
759 2134 1040 2187 hominum
1076 2133 1277 2186 multas
1314 2132 1532 2199 quando
1569 2132 1751 2186 obruit
1785 2132 1952 2187 urbis,

345 2211 473 2265 inde
506 2211 603 2265 ubi
637 2212 720 2264 vis
756 2210 939 2278 aliqua
974 2209 1187 2262 ratione
1223 2223 1413 2261 aversa
1447 2209 1686 2274 recessit,

318 2304 416 2357 ‚ex
450 2287 665 2341 infinito
701 2288 881 2339 fuerat
918 2300 1291 2353 quaecumque
1326 2286 1526 2351 coorta,
2102 2304 2107 2307 ·

348 2364 717 2418 constiterunt
751 2362 957 2415 imbres
994 2365 1052 2414 et
1086 2360 1312 2413 flumina
1347 2358 1456 2412 vim
1491 2360 1819 2414 minuerunt.
1976 2376 2046 2414 415
2103 2393 2158 2407 ..

418 2441 529 2495 Sed
566 2439 762 2508 quibus
797 2438 891 2492 ille
926 2436 1103 2491 modis
1140 2436 1416 2490 coniectus
1453 2435 1701 2488 materiai
1831 2392 2191 2515 w*-

345 2517 593 2570 fundarit
626 2520 833 2571 terram
870 2518 927 2569 et
962 2514 1174 2567 caelum
1207 2512 1474 2581 pontique
1506 2510 1776 2579 profunda
1926 2526 1946 2545 ⁶

348 2593 478 2647 solis
513 2592 658 2646 lunai
694 2608 898 2659 cursuS,
934 2607 1003 2645 ex
1039 2590 1230 2643 ordine
1265 2605 1475 2657 ponam.
1777 2542 1828 2675 (ι

348 2686 474 2723 nam
510 2672 661 2723 certe
695 2685 874 2737 neque
910 2666 1131 2721 consilio
1167 2665 1466 2736 primordia
1500 2680 1686 2719 rerum
1986 2646 2038 2751 sb
2065 2620 2162 2701 ί

346 2744 539 2799 ordine
574 2761 635 2799 se
670 2761 767 2798 suo
804 2760 1053 2813 quaeque
1089 2743 1268 2811 sagaci
1303 2745 1488 2797 mente
1522 2742 1768 2795 locarunt
1977 2752 2078 2832 4202
2120 2752 2133 2833 Ι

348 2838 449 2875 nec
484 2837 620 2891 quos
656 2838 906 2890 quaeque
942 2820 1142 2875 darent
1174 2822 1356 2874 motus
1392 2820 1652 2888 pepigere
1688 2818 1947 2886 profectO,

348 2897 448 2952 sed
483 2898 613 2965 quia.
648 2897 819 2950 multa
853 2896 1030 2950 modis
1063 2896 1253 2950 multis
1286 2896 1588 2963 primordia
1620 2910 1806 2948 rerum
2019 2888 2152 2979 t(
2249 2926 2251 2939 ÷

1799 2978 1838 2993 φ

348 3049 790 3118 ponderibusque
825 3048 937 3102 suis
971 3050 1303 3101 consuerunt
1337 3048 1552 3101 concita
1587 3047 1720 3101 ferri
2245 3022 2252 3311 Ι

350 3125 781 3193 omnimodisque
816 3125 962 3179 coire
996 3128 1166 3193 atque
1199 3122 1381 3176 omnia
1415 3126 1801 3191 pertemptare,
1978 3140 2048 3177 425

351 3216 723 3272 quaecumque
758 3201 901 3255 inter
937 3216 995 3254 se
1030 3201 1256 3270 possent
1291 3214 1580 3272 congressa
1615 3214 1811 3264 creare,
