2259 3550
1195 105 1257 164 V
1983 113 2092 172 137

392 215 452 264 et
486 212 657 279 magis
692 211 792 264 hoe
828 209 1040 264 lunam:
1076 212 1284 277 quanto
1319 209 1610 264 demissior
1643 212 1760 264 eius

390 304 580 341 cursus
616 286 771 340 abest
808 283 993 353 procul
1031 300 1065 336 a
1099 284 1250 337 caelo
1285 285 1558 352 terrisque
1591 287 1941 356 propinquat,
2027 304 2099 342 oeo

392 367 546 417 tanto
582 379 741 431 posse
777 361 956 414 minus
990 378 1113 414 eum
1153 360 1321 427 signis
1356 361 1586 415 tendere
1621 379 1854 416 cursum.

390 438 697 493 flaccidiore
734 437 940 491 etenim
976 439 1182 504 quanto
1217 436 1324 489 iam
1360 436 1582 490 turbine
1620 436 1796 491 fertur

387 514 616 583 inferior
651 530 813 581 quam
850 511 945 578 sol,
980 515 1138 566 tanto
1174 512 1346 579 magis
1381 512 1562 566 omnia
1597 513 1752 582 sig-na

390 589 527 644 hanc
564 589 936 658 adipiscuntur
970 589 1176 642 circum
1212 591 1542 657 praeterque
1577 589 1842 646 feruntur.

390 669 682 734 propterea
718 665 781 717 fit
816 668 879 718 ut
917 665 1048 718 haee
1086 664 1159 717 ad
1195 665 1406 732 signum
1444 665 1704 734 quodque
1739 668 1943 723 reverti
2027 683 2098 724 ωδ

391 741 641 794 mobilius
680 741 945 807 videatur,
980 741 1053 794 ad
1090 741 1229 794 hanc
1266 741 1394 809 quia
1427 741 1584 808 signa
1619 742 1878 798 revisunt.

391 817 456 871 fit
493 834 711 886 quoque
748 821 811 870 ut
846 833 877 870 e
916 817 1105 870 mundi
1144 818 1472 872 transversis
1509 818 1758 887 partibus
1791 835 1888 874 aer

390 893 617 947 alternis
652 897 804 947 certo
842 893 1010 947 fluere
1047 893 1189 946 alter
1225 897 1474 962 tempore
1510 895 1696 962 possit,

390 968 485 1037 qui
522 973 688 1036 queat
724 970 943 1024 aestivis
979 969 1149 1023 solem
1189 969 1488 1024 detrudere
1521 971 1690 1038 signis

390 1041 649 1098 brumali3
684 1061 857 1112 usque
892 1046 963 1098 ad
1000 1046 1172 1099 flexus
1208 1046 1562 1116 gelidumque
1599 1049 1850 1116 rigorem,
2024 1061 2097 1104 640

390 1124 449 1174 et
484 1122 577 1191 qui
612 1121 805 1175 reiciat
838 1121 1035 1190 gelidis
1070 1140 1102 1174 a
1139 1123 1356 1190 frigoris
1390 1123 1609 1178 umbris'

390 1196 673 1250 aestiferas
711 1214 885 1266 usque
920 1198 975 1250 in
1012 1200 1186 1266 partis
1221 1202 1282 1252 et
1315 1199 1527 1252 fervida
1562 1199 1730 1267 signa.

390 1275 450 1327 et
486 1273 701 1327 ratione
737 1273 855 1340 pari
890 1273 1075 1327 lunam
1112 1275 1410 1342 stellasque
1444 1275 1818 1343 putandumst,

389 1367 529 1418 quae
565 1350 789 1404 volvunt
824 1365 1051 1416 magnos
1086 1351 1144 1402 in
1181 1351 1390 1418 magnis
1425 1350 1652 1405 orbibus
1687 1367 1870 1419 annos,

386 1426 608 1480 aeribus
644 1443 802 1495 posse
838 1426 1064 1479 alternis
1099 1444 1130 1479 e
1169 1426 1418 1494 partibus
1453 1427 1546 1480 ire.
1595 1475 1599 1480 .
2023 1443 2096 1484 615

387 1519 564 1556 nonne
602 1503 755 1556 vides
791 1502 955 1556 etiam
992 1501 1224 1556 diversis
1258 1501 1442 1556 nubila
1475 1504 1656 1556 ventis

389 1577 632 1632 diversas
668 1579 747 1632 irc
784 1580 839 1632 in
874 1579 1047 1646 partis
1082 1577 1294 1633 inferna
1329 1579 1610 1647 supernis?

387 1654 483 1722 qui
518 1655 695 1708 minus
730 1655 824 1708 illa
858 1659 1060 1722 queant
1096 1672 1197 1723 per
1231 1671 1455 1723 magnos
1490 1655 1730 1710 aetheris
1765 1655 1916 1711 orbis

389 1731 631 1786 aestibus
668 1731 815 1787 inter
850 1748 910 1786 se
946 1731 1176 1786 diversis
1213 1731 1395 1787 sidera
1427 1731 1595 1787 ferri?
2064 1755 2070 1760 ·

459 1810 541 1864 At
574 1825 682 1862 nox
719 1807 903 1862 obruit
938 1808 1151 1876 ingenti
1186 1809 1414 1876 ealigine
1449 1812 1643 1873 terras,
1767 1780 1968 1890 ἅμα
2021 1824 2094 1863 6.·’,0

387 1887 484 1938 aut
518 1883 612 1937 ubi
650 1885 720 1938 de
754 1883 915 1953 longo
950 1901 1115 1939 eursu
1151 1884 1230 1937 sol
1266 1885 1460 1938 ultima.
1494 1885 1630 1939 caeli
1861 1932 1883 1955 ,
2014 1868 2070 1951 Z

387 1960 607 2029 impulit
645 1965 813 2029 atque
850 1977 976 2014 suos
1012 1960 1217 2015 efflavit
1252 1960 1540 2028 languidus
1575 1960 1718 2028 ignis
1797 1920 2036 2048 ²¹⁸st

390 2052 676 2091 concussos
712 2037 855 2091 itere
890 2040 947 2090 et
982 2035 1281 2091 labefactos
1315 2052 1443 2091 aere
1477 2036 1664 2104 multe,

388 2115 485 2165 aut
522 2113 649 2182 quia
684 2112 787 2166 sub
822 2116 999 2165 terras
1036 2129 1250 2165 cursum
1290 2116 1612 2167 convortere
1646 2113 1792 2181 cogit

386 2188 467 2241 vis
504 2189 711 2257 eadem,
750 2204 916 2257 supra
954 2204 1094 2256 quae
1130 2191 1308 2241 terras
1345 2188 1574 2257 pertulit
1608 2186 1810 2241 orbem.
2019 2204 2092 2243 655

457 2264 725 2333 Tempore
760 2264 891 2317 item
931 2267 1083 2317 certo
1121 2280 1334 2317 roseam
1371 2264 1588 2319 Matuta
1622 2280 1723 2332 per
1757 2280 1880 2317 oras

389 2339 628 2393 aetheris
665 2356 917 2393 auroram
955 2338 1144 2393 differt
1178 2346 1236 2393 et
1271 2339 1474 2394 lumina
1508 2340 1716 2409 pandit,

387 2419 485 2470 aut
520 2416 647 2483 quia
682 2416 762 2469 sol
796 2415 959 2481 idem,
998 2415 1100 2468 sub
1135 2418 1312 2469 terras
1347 2416 1439 2469 ille
1473 2418 1770 2482 revertens,

386 2491 655 2560 anticipat
692 2492 897 2546 eaelum
936 2491 1105 2545 radiis
1141 2491 1441 2545 accendere
1476 2494 1769 2559 temptans,

387 2570 484 2622 aut
518 2568 647 2637 quia
679 2569 1003 2623 conveniunt
1038 2569 1192 2636 ignes
1227 2572 1286 2622 et
1319 2567 1526 2621 semina
1559 2567 1733 2621 multa
2019 2581 2092 2621 660

387 2644 659 2699 confluere
694 2644 907 2699 ardoris
942 2640 1274 2699 consuerumt
1308 2648 1558 2713 tempore
1592 2648 1760 2710 certe,

386 2738 527 2791 quae
561 2722 767 2777 faciunt
804 2722 929 2775 solis
965 2737 1105 2775 nova
1139 2736 1357 2791 semper
1392 2721 1598 2776 lumina
1630 2718 1814 2787 gigni;

387 2798 536 2867 quod
568 2815 743 2867 genus
780 2796 964 2852 Idaeis
998 2797 1144 2851 fama
1179 2802 1268 2853 est
1301 2815 1335 2853 e
1367 2798 1646 2853 montibus
1679 2794 1807 2849 altis

386 2875 665 2946 dispersos
702 2876 844 2946 ignis
880 2874 1079 2929 orienti
1114 2874 1320 2931 lumine
1354 2875 1518 2941 cerni,

383 2948 515 3007 inde
538 2955 683 3009 coire
705 2952 928 3023 globum
951 2951 1105 3019 quasi
1127 2952 1186 3003 in
1210 2968 1376 3005 unum
1401 2954 1460 3005 et
1484 2948 1752 3005 conficere
1775 2945 1980 3001 orbem.
2013 2960 2089 3001 ⁰65

387 3046 489 3085 nec
525 3036 709 3087 tamen
744 3029 883 3085 illud
918 3029 973 3081 in
1009 3026 1094 3080 his
1130 3026 1293 3081 rebus
1330 3026 1580 3081 mirabile
1615 3022 1786 3078 debet

386 3123 523 3174 esse,
559 3109 707 3177 quod
741 3110 876 3163 haec
910 3104 1053 3174 ignis
1088 3106 1204 3155 tam
1240 3108 1392 3158 certe
1429 3107 1678 3171 tempore
1713 3098 1942 3169 possunt

389 3186 596 3298 {imina
630 3186 901 3239 confluere
936 3185 997 3235 et
1030 3177 1161 3233 solis
1197 3195 1455 3249 reparare
1491 3178 1740 3235 nitorem.
