2259 3550
229 104 301 160 14
1063 103 1094 158 Ι

223 222 350 260 nam
387 222 728 275 quacumque
762 211 920 260 vacat
955 206 1208 274 spatium,
1245 205 1396 274 quod
1428 206 1589 260 inane
1624 223 1895 272 vocamuS,

225 299 422 351 corpus
457 299 524 336 ea
557 299 664 334 non
699 285 815 348 est3
864 298 974 350 qua
1008 297 1172 350 porro
1206 297 1441 351 cumque
1477 286 1633 337 tenet
1670 300 1728 336 se

221 374 435 427 corpuS,
469 375 536 412 ea
570 375 797 412 vacuum
833 375 1177 427 nequ-mquam
1213 362 1428 412 constat
1463 359 1633 414 inane.
1798 417 1802 422 ,

224 437 353 488 sunt
388 435 556 502 igitur
591 433 766 487 solida
801 451 862 488 ac
899 436 1015 487 sine
1051 435 1197 488 inani
1233 450 1459 503 corpora
1492 436 1683 504 prima.
1858 456 1934 494 510

223 515 511 579 practerea
546 511 801 579 quoniam
835 510 1037 579 genitis
1071 510 1128 564 in
1164 510 1332 565 rebus
1366 511 1594 578 inanest,

13 586 76 653 (ἦ
85 585 150 656 {50
169 587 510 651 &materiem
547 589 749 642 circum
786 587 1016 641 solidam
1051 591 1301 641 constare
1337 592 1626 654 necessest,

14 663 325 741 LseLa-aenec
363 679 450 716 res
485 663 596 717 ulla
631 667 817 732 potest
851 680 982 717 vera
1017 662 1231 717 ratione
1266 663 1487 732 probari

26 779 54 800 ιν
70 743 177 812 :32
223 752 450 807 corpore
485 739 644 794 inane
681 756 778 792 suo
814 739 993 794 celare
1029 742 1196 808 atque
1231 740 1379 792 intus
1415 739 1634 808 habere,

223 815 270 868 si
307 832 430 883 non,
466 815 615 883 quod
649 815 884 882 cohibet,
922 815 1159 869 solidum
1193 818 1445 872 constare
1480 817 1769 887 relinquas,
1858 832 1931 872 515

222 892 282 944 id
317 908 480 961 porro
516 892 589 944 nil
627 908 746 945 esse
783 896 968 960 potest
1003 892 1108 944 nisi
1144 891 1397 946 materiai

222 968 520 1035 concilium,
558 967 703 1037 quod
740 968 900 1021 inane
937 973 1103 1036 queat
1139 984 1323 1021 rerum
1360 968 1625 1024 cohibere.

223 1044 481 1098 materies
516 1045 700 1112 igitur,
739 1043 912 1098 solido
947 1060 1088 1110 quae
1123 1060 1349 1112 corpore
1384 1047 1615 1113 constat,

76 1157 106 1201 a
129 1166 224 1194 „w
161 1136 342 1188 &esse
377 1125 601 1174 aeterna
636 1123 835 1188 potest,
859 1136 981 1173 cum
1019 1123 1206 1173 cetera
1241 1119 1624 1174 dissoluantur.

15 1161 63 1224 ⁷⁰
106 1185 128 1200 ²
63 1201 342 1299 nautum
377 1213 541 1265 porro
577 1197 621 1249 si
659 1196 733 1248 nil
772 1198 918 1250 esset
945 1195 1103 1284 'quod
1136 1195 1296 1250 inane
1331 1200 1567 1264 vocaret,
1854 1213 1929 1252 520

28 1223 152 1318 ⁰:35
179 1289 380 1326 ·omne
415 1273 558 1326 foret
595 1272 856 1338 solidum3
905 1272 1009 1326 nisi
1045 1275 1236 1326 contra
1270 1288 1498 1341 corpora
1532 1275 1685 1326 certa

27 1331 407 1443 ἶνῑνεᾉεεεθιιῦ
442 1367 581 1418 quae
615 1349 734 1403 loca
768 1349 1105 1418 complerent
1141 1365 1513 1418 quaecumque
1547 1353 1820 1417 tenerent,

13 1422 63 1444 '²
223 1442 382 1480 omne
418 1427 564 1496 quod
604 1431 705 1493 est,
743 1426 981 1495 spatium
1019 1441 1248 1479 vacuum
1284 1428 1563 1479 constaret
1596 1426 1769 1479 inane.

223 1502 448 1556 alternis
481 1502 652 1569 igitur
683 1502 938 1555 nimirum
975 1518 1172 1569 corpus
1208 1501 1354 1554 inani

193 1578 608 1645 ·distinctumst‚
645 1577 900 1645 quoniam
935 1583 1036 1631 nec
1073 1577 1293 1645 plenum
1332 1577 1544 1630 naviter
1580 1580 1736 1632 extat
1853 1593 1927 1633 525

219 1670 320 1706 nec
355 1669 518 1722 porro
549 1670 796 1706 vacuum.
835 1657 964 1708 sunt
1000 1670 1132 1720 ergo
1167 1668 1395 1721 corpora
1430 1656 1581 1706 certa

221 1747 359 1799 quae
397 1729 634 1800 spatium
669 1729 831 1798 pleno
865 1729 1077 1798 possint
1111 1728 1449 1797 distinguere
1484 1729 1655 1783 inane.

221 1807 354 1861 haec
390 1822 566 1875 neque
601 1805 825 1860 dissolui
860 1806 1034 1875 plagis
1070 1806 1409 1860 extrinsecus
1445 1806 1554 1859 icta

220 1887 452 1952 possunt
485 1899 585 1937 nec
619 1898 782 1951 porro
817 1882 1036 1951 penitus
1072 1884 1363 1951 penetrata
1397 1883 1576 1936 retexi

198 1976 321 2031 nec
358 1960 568 2014 ratione
603 1961 814 2027 queunt
849 1958 956 2012 alia
991 1960 1267 2026 temptata
1302 1957 1517 2023 labare3
1852 1974 1925 2014 530

205 2036 279 2089 id
314 2035 464 2105 quod
496 2036 604 2089 iam
642 2051 807 2104 supra
841 2035 944 2089 tibi
979 2034 1142 2123 paulo
1178 2033 1519 2087 ostendimus
1554 2038 1697 2088 ante.

50 2142 94 2159 ω
67 2066 190 2161 '‘'L
174 2128 346 2206 aunam
382 2128 558 2182 neque
590 2111 789 2165 conlidi
827 2112 942 2165 sine
976 2111 1123 2164 inani
1161 2126 1321 2179 posse
1356 2109 1577 2164 videtur

15 2138 196 2267 ἶς’-Μ
221 2205 507 2258 qulcquam
543 2205 643 2242 nec
679 2188 856 2256 frangi
891 2204 992 2241 nec
1027 2186 1164 2239 findi
1201 2187 1257 2239 in
1292 2186 1421 2240 bina
1456 2186 1691 2240 secando

219 2260 320 2319 nec
355 2282 550 2335 capere
584 2281 832 2318 umorem
866 2280 1046 2333 neque
1080 2264 1214 2335 item
1251 2262 1521 2317 manabile
1554 2263 1726 2331 frigus

217 2358 319 2396 nec
355 2341 692 2412 penetralem
728 2340 926 2430 ignem,
964 2340 1161 2409 quibus
1196 2340 1379 2393 omnia
1414 2339 1791 2393 conficiuntur.
1850 2353 1922 2393 535

219 2421 278 2472 et
313 2434 423 2487 quo
459 2434 706 2487 quaeque
743 2417 917 2486 magis
953 2417 1174 2471 cohibet
1208 2432 1298 2469 res
1332 2416 1482 2469 intus
1515 2416 1691 2481 inane,

27 2556 36 2569 ·
69 2560 76 2574 ι
218 2498 332 2548 tam
368 2496 542 2563 magis
577 2494 664 2548 his
713 2494 878 2547 rebus
914 2494 1132 2562 penitus
1168 2495 1442 2561 temptata
1476 2492 1723 2545 labascit.

25 2591 35 2608 ⁰
63 2574 131 2644 “24
156 2568 175 2594 ³
217 2586 349 2638 ergo
387 2571 431 2623 si
469 2570 640 2623 solida
674 2587 738 2623 ac
775 2570 890 2623 sine
926 2569 1075 2622 inani
1111 2584 1341 2636 corpora
1374 2567 1553 2637 prima

145 2670 161 2677 -
218 2649 345 2699 sunt
380 2646 461 2699 ita
494 2646 576 2698 uti
615 2645 791 2709 docui,
827 2646 940 2698 sint
975 2644 1109 2697 haec
1145 2646 1372 2697 aeterna
1404 2645 1696 2697 necessest.

215 2724 507 2791 praeterea
541 2721 644 2773 nisi
679 2720 939 2775 materies
973 2723 1201 2773 aeterna
1234 2719 1443 2787 fuisset,
1849 2730 1921 2771 540

215 2797 450 2851 antehac
485 2796 559 2850 ad
591 2796 761 2850 nilum
795 2797 1014 2865 penitus
1048 2811 1139 2849 res
1176 2802 1425 2864 quaeqae
1459 2793 1736 2848 redissent

217 2874 289 2927 de
323 2874 544 2943 niloque
578 2876 771 2927 renata
803 2874 988 2926 forent
1024 2888 1397 2941 quaecumque
1432 2870 1692 2925 videmus.

215 2952 275 3003 at
311 2950 568 3017 quoniam
603 2965 771 3018 supra
805 2948 964 3003 docui
999 2948 1076 3001 nil
1112 2964 1273 3017 posse
1308 2948 1481 3001 creari

215 3024 287 3079 dc
322 3026 433 3080 nilo
467 3042 646 3096 neque
680 3026 831 3094 quod
863 3026 1111 3095 genitum
1148 3027 1235 3079 est
1269 3023 1343 3077 ad
1376 3024 1450 3077 nil
1488 3022 1745 3090 revocari,

216 3119 338 3157 esse
370 3104 647 3159 inmortali
681 3102 983 3173 primordia
1015 3118 1244 3171 corpore
1277 3099 1498 3168 debent,
1848 3111 1919 3153 515

215 3179 442 3234 dissolui
479 3198 588 3249 quo
624 3196 874 3249 quaeque
910 3196 1166 3249 supremo
1200 3182 1451 3248 tempore
1486 3177 1713 3247 possint,

13 489 181 574 ἐξ

17 2013 205 2113 γιψχ
