2259 3550
164 100 238 156 62
952 84 1065 153 111

163 202 416 269 effugisse
452 200 642 254 volunt
676 200 835 267 longe
870 198 1137 266 longeque
1172 213 1430 264 renlosse‚

162 278 423 345 sanguine
458 275 603 330 civili
638 291 756 328 rem
792 273 1033 328 conflant
1068 273 1396 341 divitiasque
1820 286 1873 324 70

163 352 551 421 conduplicant
586 350 746 416 avidi,
786 350 1009 404 caedem
1034 349 1205 404 caede
1240 347 1653 402 accumulantes
1668 368 1682 414 ;

164 429 415 482 crudeles
451 427 694 495 gaudent
726 427 783 479 iu
819 425 966 480 tristi
1000 427 1194 479 funere
1229 425 1414 478 fratris

164 509 223 558 et
257 503 717 570 consanguineum
753 519 966 556 mensas
1002 502 1169 555 odere
1205 502 1526 569 timentque.

164 580 428 634 consimili
465 579 679 632 ratione
710 579 781 632 ab
818 578 1009 631 codem
1048 594 1213 646 saepe
1249 578 1446 632 timore

163 660 405 710 macerat
441 655 659 709 invidia.
696 659 824 708 ante
860 654 1042 707 oculos
1077 654 1228 706 illum
1267 671 1388 707 esse
1423 658 1722 724 potentem,
1821 669 1871 706 75

161 732 315 785 illum
352 732 639 800 aspectari‚
675 731 821 784 claro
856 729 949 797 qui
985 729 1195 782 incedit
1229 730 1452 804 houm-ez

163 808 268 878 ipsi
306 825 365 862 se
398 810 455 861 in
492 807 735 861 tenebris
772 805 912 859 volvi
949 822 1227 872 caenoque
1263 810 1582 873 queruntur.

165 886 449 938 intereunt
484 886 683 952 partim
722 885 1029 936 statuanun
1066 885 1124 934 et
1161 881 1394 934 nominis
1429 898 1575 948 ergo.

165 963 223 1012 et
258 977 421 1030 saepe
456 975 631 1026 usque
668 957 822 1024 ade0‚
856 957 1049 1009 mortis
1085 957 1394 1025 formidine,
1431 958 1578 1010 vitae

165 1037 400 1105 percipit
436 1035 702 1087 humanos
736 1033 923 1088 odium
960 1031 1204 1100 lucisque
1238 1033 1520 1096 videndae,
1821 1049 1872 1087 so

168 1116 231 1165 ut
266 1113 370 1166 sibi
407 1111 745 1165 consciscant
780 1108 1044 1161 maerenti
1083 1112 1307 1176 pectore
1346 1109 1516 1162 letum
1561 1129 1572 1140 ¹

167 1187 324 1240 obliti
362 1188 571 1240 fontem
608 1201 860 1238 curarum
896 1184 1037 1236 hunc
1075 1201 1195 1237 esse
1230 1185 1499 1250 timorem,

165 1262 308 1317 hunc
344 1279 544 1316 vexare
578 1260 859 1330 pudorem,
896 1259 1038 1312 hunc
1076 1259 1290 1313 vincula
1325 1260 1584 1313 amicitiai

164 1355 421 1408 rumpere
457 1342 515 1390 et
549 1337 605 1388 in
641 1352 851 1388 summa
886 1336 1149 1403 pietatem
1185 1338 1432 1388 evertere
1467 1335 1651 1388 fundo,

162 1429 288 1466 nam
324 1414 430 1466 iam
461 1429 623 1479 saepe
653 1411 898 1465 homines
924 1412 1170 1480 ,patriam
1205 1427 1468 1479 carosque
1503 1414 1750 1480 parentis
1819 1431 1870 1469 85

165 1490 545 1556 prodiderunt,
582 1488 757 1540 vitare
796 1487 1101 1540 Acherusia
1137 1485 1342 1554 templa
1378 1492 1646 1556 petentes

164 1581 290 1617 nam
325 1565 496 1617 veluti
531 1563 688 1632 pueri
724 1561 1006 1630 trepidant
1040 1566 1212 1630 atque
1248 1563 1430 1615 omnia
1466 1563 1642 1616 caecis

164 1640 220 1692 in
258 1640 501 1694 tenebris
526 1642 806 1705 metuunt,
847 1638 923 1691 sic
961 1655 1059 1691 nos
1095 1638 1154 1691 in
1189 1640 1310 1691 luce
1345 1638 1602 1692 timemus

163 1715 457 1779 interdum,
494 1713 603 1766 niio
639 1729 780 1781 quae
816 1717 941 1766 sunt
977 1715 1271 1768 metuenda
1306 1715 1479 1782 magis
1515 1732 1679 1783 quam

166 1808 306 1859 quae
342 1808 497 1859 puen
533 1791 587 1841 in
622 1789 865 1842 tenebris
901 1791 1150 1857 pavitant
1184 1791 1505 1858 finguntque
1541 1793 1742 1846 sutum.
1819 1809 1870 1849 90

165 1866 309 1920 hunc
346 1868 515 1934 igitur
552 1869 818 1919 terrorem
856 1866 1022 1917 animi
1058 1866 1426 1933 tenebrasque
1461 1873 1741 1922 necessest

164 1958 273 1993 non
310 1942 451 1994 radii
489 1940 615 1993 solis
650 1958 828 2006 noque
864 1940 1045 1993 lucida
1078 1940 1191 1994 tela
1227 1942 1337 1994 diei

166 2016 480 2080 discutiant,
517 2016 616 2069 sed
652 2022 879 2069 naturae
917 2017 1125 2084 species
1163 2018 1425 2084 ratioque.

31 2056 517 2311 nff¹⁸lfflrrimum
504 2091 743 2144 animum
768 2092 904 2157 dico,
931 2096 1172 2144 mentem
1203 2108 1368 2159 quam
1401 2108 1563 2159 saepe
1592 2111 1864 2162 vocamuS,

10 2219 24 2227 ,
48 2186 131 2232 „a
260 2184 365 2235 quo
402 2167 681 2219 consilium
717 2167 862 2219 vitae
898 2168 1252 2235 regimenque
1287 2168 1524 2221 locatum
1562 2176 1661 2236 est,
1817 2188 1867 2226 95

166 2257 287 2297 esse
323 2242 554 2294 hominis
587 2246 799 2308 partem
827 2242 934 2294 nilo
971 2243 1147 2294 minus
1183 2259 1246 2295 ac
1280 2259 1472 2295 manus
1507 2252 1567 2297 ot
1601 2262 1700 2314 pes

165 2320 331 2385 atque
367 2317 539 2371 oculei
574 2322 760 2384 partes
796 2318 1085 2370 animantis
1120 2319 1292 2371 totius
1327 2323 1534 2373 extant.

166 2484 385 2521 sensum
420 2467 585 2520 animi
619 2476 770 2521 certa
804 2484 911 2519 non
949 2485 1068 2521 esse
1102 2469 1156 2521 in
1194 2476 1352 2538 parte
1388 2470 1642 2537 locatum,

168 2558 356 2595 verum
392 2542 639 2595 habitum
675 2544 949 2610 quendam
985 2545 1205 2597 vitalem
1241 2546 1484 2613 corporis
1519 2562 1655 2613 csse,

2 2614 265 2677 &dhar
267 2619 501 2669 moniam
540 2618 673 2669 Grai
708 2635 870 2685 quam
909 2618 1113 2684 dicunt,
1150 2621 1298 2687 quod
1331 2620 1494 2674 faciat
1529 2639 1629 2675 nos
1793 2640 1867 2677 100

17 2703 95 2741 Μ
184 2691 348 2744 ivcre
385 2709 506 2744 cum
545 2709 715 2753 sensu,
752 2693 899 2744 nulla
934 2709 1054 2745 cum
1092 2694 1148 2746 in
1184 2699 1343 2759 parte
1378 2696 1484 2748 sict
1519 2715 1704 2762 mens;

21 2752 157 2808 (ΜΦ
204 2768 228 2817 t
264 2766 407 2819 bona
443 2784 605 2835 saepe
641 2768 895 2820 valetudo
933 2785 1054 2820 cum
1092 2770 1297 2823 dicitur
1331 2788 1450 2825 csse

164 2844 419 2925 eorporis,
459 2846 517 2895 ct
550 2860 657 2895 non
694 2846 778 2897 est
814 2847 996 2896 tamen
1033 2844 1168 2899 haec
1206 2863 1331 2914 pars
1367 2849 1476 2901 ulla
1511 2848 1757 2904 talentis,

164 2915 242 2967 sic
279 2918 443 2969 animi
480 2935 695 2971 sensum
728 2936 835 2972 non
871 2924 1021 2972 certa
1057 2926 1213 2988 parte
1250 2930 1548 2989 reponunt3

164 3003 363 3055 magno
398 3010 560 3058 opere
594 2994 648 3046 in
686 3012 792 3063 quo
826 2995 901 3047 mi
939 2995 1137 3051 divor-si
1176 3014 1358 3049 errare
1395 3000 1667 3054 sidentur.
1790 3018 1864 3057 105

165 3078 331 3133 saepe
363 3068 564 3134 itaque,
593 3069 649 3121 in
680 3074 940 3138 promptu
963 3088 1160 3138 empus
1193 3073 1337 3138 quod
1369 3075 1626 3143 cernitur,
1654 3084 1861 3145 aegret,

164 3152 290 3192 cum
326 3146 509 3195 tamen
545 3159 612 3195 ex
649 3144 754 3196 alia
787 3144 1056 3197 lactamur
1089 3151 1249 3213 parte
1285 3146 1508 3213 latenti3
