2259 3550
46 1 121 154 ςέ
171 0 499 145 Νεῖἑψβ
1020 69 1165 126 ΠΗ

70 172 83 220 3·
109 146 128 190 ἰ
187 163 290 224 sus
330 188 399 225 ue
422 171 560 225 adeo
584 170 835 225 omnibus
858 170 929 224 ab
952 171 1115 225 rebus
1140 187 1231 225 res
1254 185 1504 240 quaeque
1530 169 1767 224 fluenter
1863 185 1938 224 225

278 251 400 301 rtur
434 252 494 301 et
526 248 585 301 in
618 252 843 301 cunctas
876 246 1178 302 dimittitur
1213 246 1458 316 undique
1493 246 1668 316 partis

223 340 323 377 nec
358 340 511 377 mora
544 339 643 377 nec
678 325 898 393 requies
934 324 1247 378 interdatur
1279 323 1394 376 ulla
1426 323 1647 387 fluendi,

52 444 57 455 .
222 403 489 468 perpetuo
525 401 779 468 quoniam
814 401 1093 466 sentimus,
1130 402 1190 454 et
1226 400 1406 453 omnia
1441 415 1658 468 semper

52 466 101 556 L
220 492 446 529 cernere
480 475 698 529 odorari
736 476 865 530 licet
900 479 959 529 et
996 476 1205 530 sentiro
1241 491 1448 530 sonare.

50 563 209 626 lumel«
292 552 588 606 Praeterea
622 553 877 620 quoniam
912 552 1164 609 manibus
1199 555 1440 605 tractata
1473 551 1649 618 figura
1861 567 1935 606 τω

42 653 84 682 ι,
68 633 187 742 ff
239 645 276 681 n
312 628 557 683 tenebris
592 627 865 695 quaedam
900 629 1245 696 cognoscitur
1281 643 1402 681 esse
1437 627 1631 681 eadem
1667 642 1810 696 quae

250 705 462 757 eruitur
494 705 551 757 in
586 704 709 757 luce
743 707 802 756 et
836 704 985 758 claro
1020 705 1273 772 candore,
1307 707 1584 758 necessest

138 769 480 840 consimili
516 796 678 835 eausa
712 783 923 834 tactum
962 781 1244 849 visumque
1280 780 1498 834 moveri.

217 872 359 911 nunc
395 857 565 925 igitur
602 856 647 909 si
683 856 1013 925 quadratum
1051 860 1388 925 temptamus
1423 861 1482 912 et
1517 856 1576 910 id
1612 871 1710 911 nos

216 936 521 987 commovet
556 934 611 986 in
646 931 907 1000 tenebris,
944 933 999 985 in
1038 932 1142 985 luci
1180 949 1320 1000 quae
1355 934 1561 1002 poterit
1595 949 1684 987 res
1859 949 1931 988 235

217 1009 469 1063 accidere
505 1009 578 1062 ad
612 1009 853 1078 speciem
893 1009 1178 1078 quadrata,
1215 1009 1318 1062 nisi
1356 1010 1474 1063 eius
1510 1010 1723 1077 imago?

217 1101 336 1139 esse
371 1086 426 1138 in
462 1083 793 1152 imaginibus
832 1090 1172 1155 quapropter
1207 1103 1370 1141 causa
1403 1087 1626 1141 videtur

215 1160 481 1215 cernundi
516 1177 697 1229 neque
730 1176 891 1229 posse
928 1163 1043 1214 sine
1080 1161 1166 1214 his
1200 1178 1291 1216 res
1327 1163 1438 1216 ulla
1473 1161 1662 1218 videri.

216 1252 357 1292 nunc
394 1253 461 1290 ea
496 1253 638 1306 quae
673 1237 795 1291 dieo
831 1254 1014 1290 renun
1050 1237 1339 1292 simulacra
1372 1239 1623 1292 feruntur

214 1313 458 1382 undique
494 1318 553 1368 et
585 1314 642 1368 in
678 1321 900 1368 cunctas
935 1314 1208 1367 iaciuntur
1244 1314 1421 1369 didita
1454 1315 1639 1384 partis.
1856 1330 1930 1368 240

215 1406 404 1444 verum
441 1407 539 1445 nos
574 1391 745 1445 oculis
782 1392 910 1460 qnia
946 1391 1075 1444 solis
1108 1407 1336 1445 cernere
1371 1392 1603 1460 quimuS,

215 1470 508 1536 propterea
543 1468 608 1521 fit
643 1467 741 1532 uti,
779 1467 1015 1535 speeiem
1052 1483 1162 1535 quo
1198 1467 1478 1534 vertimuS,
1515 1484 1702 1522 omnes

212 1558 305 1596 res
336 1542 414 1596 ibi
449 1559 568 1596 cam
606 1549 799 1596 eontra
834 1543 1035 1598 feriant
1070 1545 1245 1596 forma
1279 1546 1450 1612 atque
1485 1544 1679 1598 colore.

211 1621 272 1671 et
306 1624 570 1687 quantum
608 1634 858 1686 quaeque
892 1618 963 1672 ab
998 1619 1156 1672 nobis
1191 1635 1281 1672 res
1315 1619 1478 1685 absit,
1513 1619 1690 1686 imago

212 1693 378 1749 efficit
413 1698 478 1749 ut
513 1695 795 1748 videamus
828 1698 889 1749 et
922 1695 1294 1749 internoscere
1330 1701 1500 1750 curat.
1853 1711 1926 1751 245

212 1788 337 1825 nam
372 1787 497 1826 cum
533 1771 789 1838 mittitur,
825 1771 1101 1839 extemplo
1139 1771 1420 1841 protrudit
1454 1771 1680 1843 agitque

209 1864 338 1901 aera
371 1848 465 1915 qui
497 1847 643 1902 inter
678 1862 738 1900 se
772 1863 1005 1915 cumque
1041 1851 1127 1902 est
1163 1848 1458 1917 oculosque
1492 1848 1716 1914 locatus,

210 1924 365 1992 isque
400 1924 481 1978 ita
513 1940 615 1994 per
647 1927 863 1977 nostras
898 1924 1042 1977 acics
1078 1924 1382 1992 perlabitur
1416 1926 1591 1979 omnis

210 2007 271 2053 et
306 2000 459 2069 quasi
496 2004 781 2071 perterget
820 2000 1054 2069 pupillas
1089 2004 1258 2069 atque
1292 2001 1374 2054 ita
1408 2002 1625 2056 transit.

122 2091 183 2124 πει
209 2082 503 2145 propterea
537 2076 603 2131 fit
636 2077 715 2131 uti
755 2077 1035 2130 videamus
1070 2094 1241 2165 quam·
1271 2078 1457 2146 procul
1493 2077 1639 2131 absit
1853 2091 1924 2131 250

122 2169 187 2202 ’σο
210 2169 300 2207 res
336 2169 598 2222 quaeque.
636 2158 696 2207 et
731 2157 939 2221 quanto
977 2154 1099 2221 plus
1132 2154 1273 2207 aeris
1307 2156 1438 2207 ante
1471 2154 1716 2223 agitatur

29 2284 57 2348 7,
81 2232 283 2553 {Vxet
306 2232 520 2283 nostros
555 2229 741 2284 oeulos
775 2232 1062 2297 perterget
1098 2229 1309 2297 longior
1341 2246 1490 2296 aura,

72 823 121 854 3

50 2285 118 2394 lif
157 2310 168 2333 ³
210 2308 325 2359 tam
361 2306 547 2373 procul
584 2322 703 2360 esse
739 2305 915 2374 magis
950 2322 1039 2359 res
1074 2321 1326 2375 quaeque
1360 2309 1576 2361 remota
1608 2306 1843 2361 videtur.

210 2380 418 2435 scilicet
453 2380 589 2435 haec
624 2397 833 2435 summe
870 2381 1034 2436 celeri
1074 2382 1286 2437 ratione
1321 2386 1604 2450 geruntur,

46 2436 59 2467 ³
96 2450 103 2460 ’
167 2474 174 2481 ’
208 2456 369 2525 quale
405 2456 477 2510 sit
512 2461 576 2510 ut
610 2457 892 2511 videamus
928 2462 986 2512 et
1022 2474 1132 2511 una
1165 2475 1329 2527 quam
1364 2458 1554 2527 procul
1589 2457 1746 2513 absit.
1849 2472 1922 2513 255

209 2532 345 2587 illud
377 2532 436 2585 in
471 2532 558 2586 his
592 2533 757 2587 rebus
793 2534 1014 2587 minime
1049 2534 1298 2588 mirabile
1332 2533 1714 2601 habendumst,

209 2625 321 2676 cur,
357 2624 425 2662 ea
459 2625 600 2676 quae
634 2609 835 2663 feriant
870 2610 1054 2677 oculos
1090 2611 1376 2665 simulacra
1409 2611 1586 2665 videri

210 2684 424 2753 singula
457 2701 581 2739 cum
614 2689 904 2753 nequeant,
938 2702 1029 2740 res
1060 2685 1216 2755 ipsae
1250 2686 1664 2755 perspiciantur.

211 2765 407 2815 ventus
439 2761 583 2816 enim
618 2777 838 2830 quoque
870 2762 1136 2831 paulatim
1171 2778 1295 2817 cum
1329 2762 1588 2819 verberat
1621 2768 1680 2818 et
1714 2781 1838 2819 cum

122 2851 189 2885 m
208 2854 333 2891 acre
368 2836 489 2891 fluit
522 2837 711 2906 frigus,
745 2853 853 2892 non
888 2838 1101 2905 privam
1138 2854 1409 2908 quamque
1445 2840 1679 2895 solemus
1849 2855 1922 2897 20⁰

123 2931 189 2966 κο
210 2913 531 2983 particulam
566 2913 716 2968 venti
753 2914 959 2968 sentire
992 2919 1051 2969 et
1083 2914 1305 2983 frigoris
1339 2915 1470 2979 eius,

211 2988 309 3042 sed
345 2990 521 3057 magis
556 3006 828 3057 unci-sum,
848 2990 1093 3063 ⁶fierique
1128 2990 1356 3061 perinde
1392 2990 1642 3045 videmus

209 3080 437 3133 corpore
470 3067 589 3118 tum
624 3066 815 3137 plagas
848 3066 903 3118 in
938 3070 1125 3120 nostro
1162 3070 1277 3119 tam
1314 3083 1476 3134 quam
1513 3066 1724 3134 aliquae
1760 3083 1850 3125 res

209 3138 466 3192 verberet
500 3144 667 3208 atque
702 3140 786 3193 sui
820 3140 919 3193 det
954 3157 1171 3195 sensum
1207 3141 1444 3209 eorporis
1479 3144 1651 3196 extra.
