2259 3550
1146 127 1203 178 ix

419 271 526 323 843
597 265 947 320 membranae
982 275 1128 316 imm
1157 275 1359 319 PARTE.
1449 279 1575 320 cum
1610 263 1893 320 veteribus
1924 263 2027 318 im-

313 350 522 422 pressis
528 357 704 420 parte
717 350 872 406 idem
887 348 1093 419 scripsi.
1142 349 1525 404 Lachmannus
1536 367 1731 420 parum
1744 347 2027 406 modulate

315 437 470 492 idem
491 453 562 491 ox
575 443 762 504 parte,
782 437 932 490 ‘cum
963 434 1252 490 Lucretius
1287 437 1691 507 praepositione
1723 436 1923 490 omissa
1945 436 2027 490 ita

314 541 422 579 non
457 525 610 578 dicat
641 523 748 576 nisi
781 522 1038 612 genetivo
1071 519 1295 575 addito&
1365 521 1467 576 sed
1499 521 1589 576 hic
1624 539 1693 576 m
1727 523 1893 577 rebus
1924 537 2027 590 pro

313 612 570 682 genetivo
593 613 696 665 est.

419 701 522 752 853
591 693 722 748 libri
755 705 1012 746 meurs
1035 703 1120 746 AN
1144 705 1228 746 os,
1322 691 1623 748 Lambinus
1654 692 1863 763 optime
1896 707 2026 748 oan-

309 799 462 852 yuen
483 797 566 836 an
585 797 720 835 ossa.
790 777 1171 832 Lachmannus
1192 793 1463 845 sanquen,
1488 794 1561 846 os,
1584 795 1819 834 aarum.

419 871 522 923 866
591 880 694 935 pro
715 875 894 916 amn
918 862 1301 916 Lachmannus
1324 877 1451 916 cum
1476 861 1721 917 Avantio
1743 863 1915 918 vonis.

420 950 764 1020 Comparatis
789 953 1080 1016 859-866,
1104 964 1215 1003 non
1238 947 1435 1003 dubito
1466 947 1603 1018 quin
1624 951 1751 1018 post
1782 951 1885 1008 873
1915 947 2028 1003 duo

313 1041 402 1096 vel
447 1039 634 1110 plures
691 1052 884 1092 versus
941 1035 1106 1090 huius
1162 1035 1283 1092 fere
1340 1037 1491 1092 modi
1549 1036 1874 1106 exciderint,
1931 1037 2029 1094 Ex

314 1123 654 1193 alienigenis
683 1138 828 1190 quae
863 1121 1062 1176 tellure
1096 1123 1461 1178 exoriuntur.
1530 1122 1628 1179 Sic
1658 1123 1861 1178 itidem
1883 1139 2029 1191 quae

314 1211 474 1279 liqna
497 1209 766 1265 emittunt
787 1223 1048 1276 corpora,
1071 1208 1329 1262 aluntur.
1378 1211 1483 1266 874
1504 1211 1631 1278 post
1652 1209 1831 1277 liquis
1850 1207 2029 1264 adieci

315 1295 418 1350 his.
466 1293 874 1348 Lachmannum
897 1306 1006 1344 non
1029 1290 1290 1360 intellego
1312 1292 1409 1360 qui
1428 1291 1649 1361 scripsit
1669 1309 1814 1360 quae
1828 1291 2031 1347 alieni-

309 1382 476 1450 yonis
497 1383 793 1436 oriuntur.

421 1470 521 1527 977
591 1482 692 1536 pro
715 1475 987 1518 Emcn'r
1011 1481 1137 1520 cum
1162 1463 1427 1518 Lambino
1450 1463 1663 1530 officiat,
1688 1464 2029 1517 constantem

315 1569 476 1608 usum
502 1549 893 1606 Lucretianum
919 1555 1155 1618 secutus,
1188 1551 1395 1621 scripsi.

420 1643 522 1694 996
593 1637 900 1693 rectissime
923 1653 986 1692 se
1008 1637 1179 1692 habet
1195 1636 1461 1692 librorum
1484 1647 1769 1691 mrnnNA.
1814 1637 1879 1692 cf.
1906 1653 2031 1691 ann.

315 1725 446 1796 phil.
478 1725 638 1781 Cant.
674 1739 695 1778 1
729 1741 782 1794 p.
817 1729 900 1780 33.
971 1722 1056 1779 ed.
1098 1723 1243 1778 Iunt.
1278 1739 1443 1793 quam
1479 1725 1701 1779 secutus
1736 1725 1823 1779 est
1858 1723 2031 1779 Lach-

317 1830 564 1882 mannus,
587 1820 839 1868 aeterna.

421 1904 526 1954 998
598 1899 978 1953 Lachmannus
1023 1912 1132 1953 non
1179 1899 1331 1951 recte
1391 1896 1537 1951 hunc
1584 1912 1802 1950 versum
1860 1912 2031 1951 novae

318 1985 654 2054 quaestionis
694 1982 912 2037 initium
949 1998 1070 2037 esse
1105 1981 1411 2049 constituit,
1436 1996 1581 2050 quae
1616 1981 1857 2050 denique
1898 1986 2031 2037 1008

319 2070 462 2138 Ipsa
483 2069 722 2123 modum
744 2065 953 2135 incipit.

425 2154 802 2209 Lachmannus
859 2155 986 2221 post
1047 2158 1197 2219 1012,
1244 2152 1421 2207 multo
1470 2153 1669 2209 melius
1716 2151 2031 2222 Madvigius

320 2257 498 2309 opusc.
525 2256 608 2309 pr.
629 2256 682 2308 p.
707 2244 810 2295 313
833 2242 894 2293 et
915 2241 1046 2293 ante
1069 2254 1197 2292 eum
1216 2238 1486 2293 Marullus
1504 2242 1631 2307 post
1659 2244 1793 2293 1013
1816 2239 2031 2307 aliquos

322 2342 510 2379 versus
521 2324 870 2379 intercidisse
885 2324 1246 2394 suspicantur.
1296 2324 1355 2378 in
1373 2326 1621 2393 marg-ine
1639 2324 1758 2380 cod.
1773 2325 2030 2379 Laurent.

320 2412 457 2481 plut.
491 2426 643 2464 xxxv
680 2416 746 2465 :32
789 2410 924 2465 haec
961 2410 1227 2463 adnotata
1268 2409 1450 2463 inveni
1498 2410 1715 2464 ‘Credit
1762 2411 2031 2465 Marullus

321 2496 514 2551 deesse
545 2495 636 2551 hic
671 2496 856 2565 aliqua
889 2495 1145 2560 carmina,
1182 2510 1323 2562 quac
1358 2494 1705 2549 continerent
1738 2496 2028 2548 transitum

319 2582 389 2636 ab
415 2581 686 2635 infinitate
704 2580 882 2634 inanis
905 2580 976 2633 ad
995 2579 1326 2634 infinitatem
1351 2596 1639 2649 corporum
1656 2600 1669 2645 ;
1692 2578 1749 2633 in
1766 2578 1855 2633 his
1874 2580 2029 2633 enim.

320 2667 438 2723 Nec
483 2684 646 2722 mare
691 2683 790 2721 nec
830 2666 1243 2733 tellus...1.1rocul
1282 2665 1451 2719 dubio
1489 2666 1606 2734 agit
1641 2665 1713 2719 de
1760 2665 2032 2718 infinitate

319 2768 624 2821 corporum,
661 2768 786 2805 cum
829 2767 994 2819 supra
1029 2752 1100 2803 de
1137 2754 1373 2820 utroque
1406 2751 1623 2805 infinito
1660 2766 1721 2805 se
1756 2750 2033 2804 dicturum

318 2837 665 2907 promiserit’.
731 2836 863 2890 mihi
899 2852 1032 2891 vero
1073 2836 1267 2891 lacuna
1308 2854 1417 2890 non
1457 2840 1616 2891 tanta
1653 2854 1773 2890 esse
1814 2834 2034 2889 videtur

321 2928 530 2993 quanta
563 2922 848 2991 Madvigio
881 2926 940 2977 et
966 2922 1313 2977 Lachmanno
1350 2940 1471 2977 esse
1504 2922 1623 2976 visa
1657 2925 1757 2976 est.
1830 2920 2034 2975 etenim

319 3015 484 3083 poeta
508 3010 620 3065 iam
642 3010 776 3064 satis
802 3025 1078 3079 superque
1103 3008 1503 3071 demonstravit
1524 3024 1635 3061 non
1662 3007 1837 3061 solum
1866 3022 2031 3059 omne

321 3103 470 3169 quod
489 3107 582 3168 est,
605 3098 706 3153 sed
731 3096 916 3162 etiam,
944 3098 1272 3163 984—-1007,
1295 3110 1461 3149 omne
1486 3094 1640 3161 quod
1671 3101 1749 3147 est
1782 3093 2034 3161 spatium

324 3186 596 3242 infinitum
621 3200 758 3239 esse.
829 3199 972 3237 nunc
1003 3187 1135 3235 1008
1168 3184 1271 3235 cet.
1290 3180 1459 3249 docet
1493 3193 1780 3246 corporum
1816 3190 2033 3244 quoque
