2259 3550
1209 83 1271 140 V
1983 89 2092 144 155

462 185 676 241 Nexilis
710 188 838 240 ante
870 185 979 241 fuit
1010 185 1184 242 vestis
1219 202 1382 254 quam
1419 187 1614 242 textile
1649 163 1963 263 tegmeuff
2003 203 2108 243 135⁰*

394 263 588 316 textile
622 267 749 331 post
782 263 1059 329 ferrnmst,
1096 261 1226 331 quia
1262 263 1409 315 ferro
1446 263 1559 316 tela
1592 267 1830 331 paratur,

392 355 493 392 nee
528 339 739 392 ratione
774 339 881 391 alia
914 341 1144 406 possunt
1179 341 1294 392 tam
1330 339 1472 392 levia
1504 339 1656 406 gigni
1937 224 2175 414 Ἢ

391 413 573 468 insilia
608 431 670 468 ae
702 414 809 467 fusi
843 413 989 467 radii
1026 415 1286 484 scapique
1319 418 1592 468 sonantes.

394 495 452 544 et
484 491 667 544 facere
701 494 829 544 ante
863 491 1008 544 viros
1042 490 1222 544 lanam
1257 493 1455 546 natura
1489 491 1668 559 coegit

394 583 558 634 quam
582 566 848 620 muliebre
870 583 1073 634 genus;
1098 583 1226 620 nam
1249 566 1410 634 longe
1433 570 1682 634 praestat
1703 566 1760 620 in
1784 571 1906 624 arte
2003 583 2099 623 1355

395 648 454 698 et
489 643 763 696 sollertius
798 646 885 697 est
920 643 1096 696 multo
1132 659 1306 712 genus
1341 659 1502 696 omne
1537 642 1722 707 virile3

394 719 664 786 agricolae
704 719 877 772 donee
912 718 1046 771 vitio
1083 721 1298 771 vertere
1335 717 1526 785 severi,
1587 747 1596 757 ·

392 797 457 848 ut
492 793 849 848 muliebribus
884 794 944 846 id
979 794 1232 847 manibus
1267 794 1572 848 concedere
1606 793 1815 849 vellent

391 874 561 939 atque
594 870 700 938 ipsi
734 871 945 939 pariter
980 872 1182 924 durum
1219 870 1448 924 sufferre
1484 869 1728 922 laborem

391 950 559 1016 atque
585 963 751 1015 opere
775 947 830 998 in
854 947 994 999 duro
1020 947 1286 1000 durarent
1309 945 1559 1000 membra
1583 962 1899 1014 manusque.
1905 957 1988 1028 ,ς’
2006 962 2123 1014 1360,

463 1023 545 1076 At
581 1024 854 1092 specimen
894 1024 1119 1076 sationis
1156 1026 1215 1076 et
1251 1022 1522 1075 insitionis
1558 1020 1710 1088 origo
1956 1010 2232 1116 ’Ἐκ-ῦς,

392 1099 514 1168 ipsa
547 1099 655 1152 fuit
690 1116 874 1152 rerum
909 1099 1148 1168 primum
1183 1101 1379 1151 natura
1413 1098 1670 1165 creatrix,
1821 1057 2076 1181 stad»,

392 1175 682 1229 arboribus
718 1175 972 1243 quoniam
1008 1175 1178 1228 bacae
1213 1174 1552 1242 glandesque
1589 1174 1828 1228 caducae
2035 1151 2108 1243 <J

392 1253 723 1320 tempestiva
758 1251 967 1305 dabant
1002 1251 1276 1320 pullorum
1313 1250 1563 1305 examina
1599 1254 1818 1318 supter3

391 1327 538 1380 unde
574 1328 740 1381 etiam
776 1327 1049 1381 libitumst
1086 1327 1274 1395 stirpis
1308 1327 1650 1380 committere
1687 1326 1854 1380 ramis
2006 1340 2102 1379 1305

392 1406 453 1457 et
487 1407 627 1456 nova
663 1403 923 1458 defodere
956 1403 1015 1456 in
1054 1406 1259 1456 terram
1296 1402 1535 1470 virgissta
1569 1419 1671 1471 per
1705 1419 1880 1470 agros.

392 1478 524 1533 inde
556 1479 720 1532 aliam
757 1483 925 1548 atque
960 1479 1123 1532 aliam
1161 1478 1430 1532 culturam
1467 1478 1642 1543 dulcis
1677 1477 1840 1545 agelli

392 1555 740 1623 temptabant
772 1556 1095 1623 fructusque
1129 1555 1278 1608 feros
1313 1570 1690 1608 mansuescere
1727 1559 1933 1607 terram

394 1630 689 1686 cernebant
726 1630 1061 1698 indulgendo
1098 1630 1411 1700 blandeque
1445 1630 1684 1684 colendo.

390 1707 559 1779 inque
594 1708 713 1762 dies
747 1708 921 1775 magis
957 1707 1013 1759 in
1048 1710 1288 1760 montem
1325 1706 1620 1760 succedere
1655 1706 1819 1760 silvas
2007 1718 2102 1760 1370

394 1785 663 1853 cogebant
696 1785 947 1853 infraque
981 1785 1162 1837 locum
1197 1784 1496 1838 concedere
1533 1784 1710 1851 cultis,

393 1864 555 1930 prata
588 1861 739 1915 lacus
773 1862 917 1914 rivos
952 1863 1174 1927 segetes
1208 1861 1500 1927 vinetaque
1533 1859 1680 1913 laeta

394 1936 620 1990 collibus
655 1940 713 1990 et
748 1936 954 2005 eampis
989 1945 1053 1989 ut
1089 1934 1372 2000 haberent,
1407 1938 1578 2003 atque
1613 1934 1855 1989 olearum

396 2012 610 2065 caerula
644 2012 987 2079 distinguens
1020 2012 1167 2064 inter
1200 2010 1362 2079 plaga
1396 2027 1616 2064 currere
1652 2013 1841 2079 posset

394 2103 496 2155 per
529 2088 769 2140 tumulos
803 2090 862 2140 et
898 2086 1158 2141 convallis
1194 2102 1524 2155 camposque
1559 2086 1820 2155 profusa3
2003 2102 2099 2139 13:³5

394 2164 459 2214 ut
493 2178 637 2215 nunc
674 2178 794 2215 esse
828 2156 983 2215 vides
1017 2160 1168 2214 vario
1204 2161 1466 2215 distincta
1500 2161 1688 2230 lepore

395 2237 588 2305 omnia,
624 2254 767 2306 quae
802 2237 979 2305 pomis
1014 2237 1270 2291 intersita
1305 2236 1554 2291 dulcibus
1591 2240 1788 2291 ornant

394 2313 743 2381 arbustisque
777 2316 975 2367 tenent
1008 2312 1257 2367 felicibus
1293 2312 1476 2381 opsita
1509 2313 1723 2366 circum.
1978 2303 1996 2323 ⁸

464 2388 573 2459 [At
606 2389 843 2457 liquidas
878 2389 1058 2442 avium
1093 2404 1255 2443 voces
1287 2388 1557 2442 imitarier
1590 2404 1684 2441 ore
1745 2404 1751 2409 ·
1786 2354 2056 2453 M

396 2469 523 2519 ante
556 2465 663 2519 fuit
697 2465 873 2518 multo
908 2480 1075 2533 quam
1108 2464 1253 2519 levia
1287 2464 1528 2519 earmina
1562 2468 1724 2519 cantu
2006 2480 2100 2517 mse

396 2541 777 2595 concelebrare
812 2541 1061 2595 homines
1095 2544 1320 2611 possent
1354 2541 1612 2611 aurisque
1648 2541 1847 2597 iuvare.

396 2620 456 2671 et
488 2617 725 2687 zephyri,
762 2634 895 2671 cava
926 2634 1031 2687 per
1066 2618 1413 2685 calamorum,
1449 2617 1605 2671 sibila
1639 2618 1874 2685 primum

396 2693 631 2761 agrestis
666 2693 901 2748 docuere
937 2710 1097 2749 cavas
1131 2694 1322 2748 inflare
1360 2694 1580 2747 cicutas.

394 2769 525 2823 inde
561 2770 873 2824 minutatim
908 2769 1086 2824 dulcis
1116 2770 1361 2825 didicere
1397 2770 1685 2839 querellas,

395 2845 534 2900 tibia
569 2862 707 2914 quas
740 2847 921 2900 fundit
957 2846 1148 2913 digitis
1181 2846 1400 2915 pulsata
1431 2849 1736 2912 canentum,
2003 2858 2099 2897 1385

396 2922 518 2975 avia
550 2939 651 2990 per
684 2938 909 2975 nemora
942 2939 1007 2976 ac
1044 2922 1206 2975 silvas
1241 2922 1522 2991 saltusque
1559 2923 1794 2988 reperta,

392 3015 495 3067 per
526 2999 645 3052 loca
676 3002 958 3067 pastorum
996 2998 1218 3052 deserta
1251 3002 1420 3067 atque
1455 2997 1567 3051 otia
1602 2996 1708 3049 dia.

396 3096 465 3130 810
489 3098 873 3137 UNUMQUICQUID
895 3098 1142 3131 PAULATIM
1165 3097 1436 3130 PMRAHIT
1461 3096 1616 3131 AETAS

396 3163 452 3195 m
474 3164 673 3197 MEDIUM
698 3166 939 3205 r-ATIOQUE
963 3166 1015 3198 m
1035 3165 1244 3199 Lmssms
1267 3164 1414 3198 BRUI'r
1434 3166 1556 3199 onAs
