<?xml version="1.0" encoding="UTF-8"?>
<!DOCTYPE html PUBLIC "-//W3C//DTD XHTML 1.0 Transitional//EN"
    "http://www.w3.org/TR/xhtml1/DTD/xhtml1-transitional.dtd">
<html xmlns="http://www.w3.org/1999/xhtml" xml:lang="en" lang="en">
 <head>
  <title>
</title>
<meta http-equiv="Content-Type" content="text/html;charset=utf-8" />
  <meta name='ocr-system' content='tesseract 3.04.00' />
  <meta name='ocr-capabilities' content='ocr_page ocr_carea ocr_par ocr_line ocrx_word'/>
</head>
<body>
  <div class='ocr_page' id='page_1' title='image "./tlucreticarider09munrgoog_0207.png"; bbox 0 0 2259 3550; ppageno 0'>
   <div class='ocr_carea' id='block_1_1' title="bbox 1162 93 2054 154">
    <p class='ocr_par' dir='ltr' id='par_1_1' title="bbox 1162 93 2054 154">
     <span class='ocr_line' id='line_1_1' title="bbox 1162 93 2054 154; baseline 0.003 -5"><span class='ocrx_word' id='word_1_1' title='bbox 1162 93 1260 149; x_wconf 92' lang='lat' dir='ltr'><strong>VI</strong></span> <span class='ocrx_word' id='word_1_2' title='bbox 1947 95 2054 154; x_wconf 88' lang='lat'><strong>161</strong></span> 
     </span>
    </p>
   </div>
   <div class='ocr_carea' id='block_1_2' title="bbox 340 195 2062 1868">
    <p class='ocr_par' dir='ltr' id='par_1_2' title="bbox 354 195 1825 266">
     <span class='ocr_line' id='line_1_2' title="bbox 354 195 1825 266; baseline 0.001 -16"><span class='ocrx_word' id='word_1_3' title='bbox 354 213 455 252; x_wconf 89' lang='lat' dir='ltr'><strong>nec</strong></span> <span class='ocrx_word' id='word_1_4' title='bbox 490 197 745 252; x_wconf 85' lang='lat' dir='ltr'><strong>cohibere</strong></span> <span class='ocrx_word' id='word_1_5' title='bbox 780 197 933 252; x_wconf 82' lang='lat' dir='ltr'><strong>nives</strong></span> <span class='ocrx_word' id='word_1_6' title='bbox 966 195 1178 266; x_wconf 83' lang='lat' dir='ltr'><strong>gelidas</strong></span> <span class='ocrx_word' id='word_1_7' title='bbox 1213 200 1271 250; x_wconf 88' lang='lat' dir='ltr'><strong>et</strong></span> <span class='ocrx_word' id='word_1_8' title='bbox 1305 197 1588 264; x_wconf 78' lang='lat' dir='ltr'><strong>grandinis</strong></span> <span class='ocrx_word' id='word_1_9' title='bbox 1621 197 1825 252; x_wconf 88' lang='lat' dir='ltr'><strong>imbris.</strong></span> 
     </span>
    </p>

    <p class='ocr_par' dir='ltr' id='par_1_3' title="bbox 354 273 1895 343">
     <span class='ocr_line' id='line_1_3' title="bbox 354 273 1895 343; baseline 0.001 -15"><span class='ocrx_word' id='word_1_10' title='bbox 354 273 493 328; x_wconf 88' lang='lat' dir='ltr'><strong>dant</strong></span> <span class='ocrx_word' id='word_1_11' title='bbox 528 274 698 328; x_wconf 86' lang='lat' dir='ltr'><strong>etiam</strong></span> <span class='ocrx_word' id='word_1_12' title='bbox 733 275 970 328; x_wconf 89' lang='lat' dir='ltr'><strong>sonitum</strong></span> <span class='ocrx_word' id='word_1_13' title='bbox 1006 273 1181 342; x_wconf 86' lang='lat' dir='ltr'><strong>patuli</strong></span> <span class='ocrx_word' id='word_1_14' title='bbox 1215 289 1381 342; x_wconf 90' lang='lat' dir='ltr'><strong>super</strong></span> <span class='ocrx_word' id='word_1_15' title='bbox 1416 290 1657 342; x_wconf 87' lang='lat' dir='ltr'><strong>aequora</strong></span> <span class='ocrx_word' id='word_1_16' title='bbox 1689 275 1895 343; x_wconf 87' lang='lat' dir='ltr'><strong>mundi,</strong></span> 
     </span>
    </p>

    <p class='ocr_par' dir='ltr' id='par_1_4' title="bbox 352 349 1784 419">
     <span class='ocr_line' id='line_1_4' title="bbox 352 349 1784 419; baseline 0.001 -16"><span class='ocrx_word' id='word_1_17' title='bbox 352 350 609 403; x_wconf 83' lang='lat' dir='ltr'><strong>carbasus</strong></span> <span class='ocrx_word' id='word_1_18' title='bbox 643 353 709 404; x_wconf 91' lang='lat' dir='ltr'><strong>ut</strong></span> <span class='ocrx_word' id='word_1_19' title='bbox 743 349 1017 419; x_wconf 87' lang='lat' dir='ltr'><strong>quondam</strong></span> <span class='ocrx_word' id='word_1_20' title='bbox 1053 350 1264 416; x_wconf 83' lang='lat' dir='ltr'><strong>magnis</strong></span> <span class='ocrx_word' id='word_1_21' title='bbox 1300 349 1514 402; x_wconf 86' lang='lat' dir='ltr'><strong>intenta</strong></span> <span class='ocrx_word' id='word_1_22' title='bbox 1547 350 1784 417; x_wconf 81' lang='lat' dir='ltr'><strong>theatris</strong></span> 
     </span>
    </p>

    <p class='ocr_par' dir='ltr' id='par_1_5' title="bbox 352 425 2062 496">
     <span class='ocr_line' id='line_1_5' title="bbox 352 425 2062 496; baseline 0.001 -16"><span class='ocrx_word' id='word_1_23' title='bbox 352 425 451 480; x_wconf 84' lang='lat' dir='ltr'><strong>dat</strong></span> <span class='ocrx_word' id='word_1_24' title='bbox 486 426 759 496; x_wconf 89' lang='lat' dir='ltr'><strong>crepitum</strong></span> <span class='ocrx_word' id='word_1_25' title='bbox 794 426 964 479; x_wconf 84' lang='lat' dir='ltr'><strong>malos</strong></span> <span class='ocrx_word' id='word_1_26' title='bbox 996 426 1145 479; x_wconf 88' lang='lat' dir='ltr'><strong>inter</strong></span> <span class='ocrx_word' id='word_1_27' title='bbox 1177 425 1383 479; x_wconf 85' lang='lat' dir='ltr'><strong>iactata</strong></span> <span class='ocrx_word' id='word_1_28' title='bbox 1417 425 1725 494; x_wconf 87' lang='lat' dir='ltr'><strong>trabesque,</strong></span> <span class='ocrx_word' id='word_1_29' title='bbox 1987 441 2062 482; x_wconf 87' lang='lat'><strong>110</strong></span> 
     </span>
    </p>

    <p class='ocr_par' dir='ltr' id='par_1_6' title="bbox 349 501 1700 571">
     <span class='ocr_line' id='line_1_6' title="bbox 349 501 1700 571; baseline 0.001 -18"><span class='ocrx_word' id='word_1_30' title='bbox 349 501 630 556; x_wconf 87' lang='lat' dir='ltr'><strong>interdum</strong></span> <span class='ocrx_word' id='word_1_31' title='bbox 667 502 936 571; x_wconf 87' lang='lat' dir='ltr'><strong>perscissa</strong></span> <span class='ocrx_word' id='word_1_32' title='bbox 969 501 1104 554; x_wconf 88' lang='lat' dir='ltr'><strong>furit</strong></span> <span class='ocrx_word' id='word_1_33' title='bbox 1141 501 1516 571; x_wconf 77' lang='lat' dir='ltr'><strong>petulantibus</strong></span> <span class='ocrx_word' id='word_1_34' title='bbox 1551 503 1700 556; x_wconf 84' lang='lat' dir='ltr'><strong>auris</strong></span> 
     </span>
    </p>

    <p class='ocr_par' dir='ltr' id='par_1_7' title="bbox 352 577 1728 645">
     <span class='ocr_line' id='line_1_7' title="bbox 352 577 1728 645; baseline 0.001 -14"><span class='ocrx_word' id='word_1_35' title='bbox 352 580 411 631; x_wconf 86' lang='lat' dir='ltr'><strong>et</strong></span> <span class='ocrx_word' id='word_1_36' title='bbox 444 578 652 645; x_wconf 84' lang='lat' dir='ltr'><strong>fragilis</strong></span> <span class='ocrx_word' id='word_1_37' title='bbox 687 580 908 632; x_wconf 71' lang='lat' dir='ltr'><strong>conitus</strong></span> <span class='ocrx_word' id='word_1_38' title='bbox 941 577 1256 632; x_wconf 82' lang='lat' dir='ltr'><strong>chartanun</strong></span> <span class='ocrx_word' id='word_1_39' title='bbox 1292 577 1728 632; x_wconf 80' lang='lat' dir='ltr'><strong>commeditatur.</strong></span> 
     </span>
    </p>

    <p class='ocr_par' dir='ltr' id='par_1_8' title="bbox 348 654 1972 724">
     <span class='ocr_line' id='line_1_8' title="bbox 348 654 1972 724; baseline 0.002 -18"><span class='ocrx_word' id='word_1_40' title='bbox 348 654 408 707; x_wconf 89' lang='lat' dir='ltr'><strong>id</strong></span> <span class='ocrx_word' id='word_1_41' title='bbox 441 670 657 722; x_wconf 87' lang='lat' dir='ltr'><strong>quoque</strong></span> <span class='ocrx_word' id='word_1_42' title='bbox 692 655 836 708; x_wconf 88' lang='lat' dir='ltr'><strong>enim</strong></span> <span class='ocrx_word' id='word_1_43' title='bbox 870 671 1045 722; x_wconf 86' lang='lat' dir='ltr'><strong>genus</strong></span> <span class='ocrx_word' id='word_1_44' title='bbox 1080 654 1138 707; x_wconf 88' lang='lat' dir='ltr'><strong>in</strong></span> <span class='ocrx_word' id='word_1_45' title='bbox 1172 654 1384 708; x_wconf 88' lang='lat' dir='ltr'><strong>tonitru</strong></span> <span class='ocrx_word' id='word_1_46' title='bbox 1417 670 1743 721; x_wconf 81' lang='lat' dir='ltr'>cognoscere</span> <span class='ocrx_word' id='word_1_47' title='bbox 1778 656 1972 724; x_wconf 74' lang='lat' dir='ltr'><strong>possiS‚</strong></span> 
     </span>
    </p>

    <p class='ocr_par' dir='ltr' id='par_1_9' title="bbox 348 730 1764 800">
     <span class='ocr_line' id='line_1_9' title="bbox 348 730 1764 800; baseline 0.001 -18"><span class='ocrx_word' id='word_1_48' title='bbox 348 733 445 784; x_wconf 84' lang='lat' dir='ltr'><strong>aut</strong></span> <span class='ocrx_word' id='word_1_49' title='bbox 478 730 573 785; x_wconf 91' lang='lat' dir='ltr'><strong>ubi</strong></span> <span class='ocrx_word' id='word_1_50' title='bbox 608 747 927 800; x_wconf 80' lang='lat' dir='ltr'><strong>suspensam</strong></span> <span class='ocrx_word' id='word_1_51' title='bbox 962 733 1171 784; x_wconf 86' lang='lat' dir='ltr'><strong>vestem</strong></span> <span class='ocrx_word' id='word_1_52' title='bbox 1207 730 1496 784; x_wconf 83' lang='lat' dir='ltr'><strong>chartasve</strong></span> <span class='ocrx_word' id='word_1_53' title='bbox 1530 730 1764 784; x_wconf 83' lang='lat' dir='ltr'><strong>volantis</strong></span> 
     </span>
    </p>

    <p class='ocr_par' dir='ltr' id='par_1_10' title="bbox 348 806 2058 876">
     <span class='ocr_line' id='line_1_10' title="bbox 348 806 2058 876; baseline 0.004 -18"><span class='ocrx_word' id='word_1_54' title='bbox 348 806 665 860; x_wconf 86' lang='lat' dir='ltr'><strong>verberibus</strong></span> <span class='ocrx_word' id='word_1_55' title='bbox 700 808 851 861; x_wconf 83' lang='lat' dir='ltr'><strong>venti</strong></span> <span class='ocrx_word' id='word_1_56' title='bbox 884 811 1109 862; x_wconf 79' lang='lat' dir='ltr'><strong>versant</strong></span> <span class='ocrx_word' id='word_1_57' title='bbox 1143 807 1518 876; x_wconf 82' lang='lat' dir='ltr'><strong>planguntque</strong></span> <span class='ocrx_word' id='word_1_58' title='bbox 1555 823 1655 875; x_wconf 88' lang='lat' dir='ltr'><strong>per</strong></span> <span class='ocrx_word' id='word_1_59' title='bbox 1689 823 1864 861; x_wconf 83' lang='lat' dir='ltr'><strong>auras.</strong></span> <span class='ocrx_word' id='word_1_60' title='bbox 1985 825 2058 864; x_wconf 82' lang='lat'><strong>115</strong></span> 
     </span>
    </p>

    <p class='ocr_par' dir='ltr' id='par_1_11' title="bbox 347 881 2033 952">
     <span class='ocr_line' id='line_1_11' title="bbox 347 881 2033 952; baseline 0.002 -17"><span class='ocrx_word' id='word_1_61' title='bbox 347 881 413 936; x_wconf 87' lang='lat' dir='ltr'><strong>fit</strong></span> <span class='ocrx_word' id='word_1_62' title='bbox 434 899 648 952; x_wconf 87' lang='lat' dir='ltr'><strong>quoque</strong></span> <span class='ocrx_word' id='word_1_63' title='bbox 674 884 820 937; x_wconf 88' lang='lat' dir='ltr'><strong>enim</strong></span> <span class='ocrx_word' id='word_1_64' title='bbox 842 883 1121 937; x_wconf 86' lang='lat' dir='ltr'><strong>interdum</strong></span> <span class='ocrx_word' id='word_1_65' title='bbox 1147 889 1212 936; x_wconf 85' lang='lat' dir='ltr'><strong>ut</strong></span> <span class='ocrx_word' id='word_1_66' title='bbox 1235 899 1342 937; x_wconf 90' lang='lat' dir='ltr'><strong>non</strong></span> <span class='ocrx_word' id='word_1_67' title='bbox 1367 886 1484 936; x_wconf 84' lang='lat' dir='ltr'><strong>tam</strong></span> <span class='ocrx_word' id='word_1_68' title='bbox 1509 898 1834 938; x_wconf 86' lang='lat' dir='ltr'><strong>concurrere</strong></span> <span class='ocrx_word' id='word_1_69' title='bbox 1857 883 2033 940; x_wconf 87' lang='lat' dir='ltr'><strong>nubes</strong></span> 
     </span>
    </p>

    <p class='ocr_par' dir='ltr' id='par_1_12' title="bbox 342 957 1780 1028">
     <span class='ocr_line' id='line_1_12' title="bbox 342 957 1780 1028; baseline 0.001 -17"><span class='ocrx_word' id='word_1_70' title='bbox 342 957 615 1012; x_wconf 88' lang='lat' dir='ltr'><strong>frontibus</strong></span> <span class='ocrx_word' id='word_1_71' title='bbox 650 959 897 1013; x_wconf 87' lang='lat' dir='ltr'><strong>adversis</strong></span> <span class='ocrx_word' id='word_1_72' title='bbox 933 959 1145 1028; x_wconf 76' lang='lat' dir='ltr'><strong>possint</strong></span> <span class='ocrx_word' id='word_1_73' title='bbox 1178 975 1342 1027; x_wconf 86' lang='lat' dir='ltr'><strong>quam</strong></span> <span class='ocrx_word' id='word_1_74' title='bbox 1379 959 1450 1012; x_wconf 90' lang='lat' dir='ltr'><strong>de</strong></span> <span class='ocrx_word' id='word_1_75' title='bbox 1486 959 1662 1013; x_wconf 82' lang='lat' dir='ltr'><strong>latore</strong></span> <span class='ocrx_word' id='word_1_76' title='bbox 1698 959 1780 1014; x_wconf 90' lang='lat' dir='ltr'><strong>ire</strong></span> 
     </span>
    </p>

    <p class='ocr_par' dir='ltr' id='par_1_13' title="bbox 346 1034 1580 1104">
     <span class='ocr_line' id='line_1_13' title="bbox 346 1034 1580 1104; baseline 0 -17"><span class='ocrx_word' id='word_1_77' title='bbox 346 1034 560 1088; x_wconf 81' lang='lat' dir='ltr'><strong>diverso</strong></span> <span class='ocrx_word' id='word_1_78' title='bbox 594 1040 750 1090; x_wconf 91' lang='lat' dir='ltr'><strong>motu</strong></span> <span class='ocrx_word' id='word_1_79' title='bbox 783 1035 1044 1090; x_wconf 83' lang='lat' dir='ltr'><strong>radentes</strong></span> <span class='ocrx_word' id='word_1_80' title='bbox 1078 1051 1309 1104; x_wconf 88' lang='lat' dir='ltr'><strong>corpora</strong></span> <span class='ocrx_word' id='word_1_81' title='bbox 1345 1035 1580 1102; x_wconf 84' lang='lat' dir='ltr'><strong>tractim,</strong></span> 
     </span>
    </p>

    <p class='ocr_par' dir='ltr' id='par_1_14' title="bbox 345 1110 1686 1179">
     <span class='ocr_line' id='line_1_14' title="bbox 345 1110 1686 1179; baseline 0 -15"><span class='ocrx_word' id='word_1_82' title='bbox 345 1111 531 1164; x_wconf 84' lang='lat' dir='ltr'><strong>aridus</strong></span> <span class='ocrx_word' id='word_1_83' title='bbox 566 1112 715 1166; x_wconf 89' lang='lat' dir='ltr'><strong>unde</strong></span> <span class='ocrx_word' id='word_1_84' title='bbox 751 1112 899 1165; x_wconf 87' lang='lat' dir='ltr'><strong>auris</strong></span> <span class='ocrx_word' id='word_1_85' title='bbox 934 1114 1118 1179; x_wconf 84' lang='lat' dir='ltr'><strong>terget</strong></span> <span class='ocrx_word' id='word_1_86' title='bbox 1157 1127 1320 1164; x_wconf 88' lang='lat' dir='ltr'><strong>sonus</strong></span> <span class='ocrx_word' id='word_1_87' title='bbox 1355 1111 1448 1165; x_wconf 91' lang='lat' dir='ltr'><strong>ille</strong></span> <span class='ocrx_word' id='word_1_88' title='bbox 1484 1110 1686 1179; x_wconf 87' lang='lat' dir='ltr'><strong>diuque</strong></span> 
     </span>
    </p>

    <p class='ocr_par' dir='ltr' id='par_1_15' title="bbox 344 1186 2054 1333">
     <span class='ocr_line' id='line_1_15' title="bbox 344 1186 2054 1255; baseline -0.001 -14"><span class='ocrx_word' id='word_1_89' title='bbox 344 1186 577 1255; x_wconf 85' lang='lat' dir='ltr'><strong>ducitur,</strong></span> <span class='ocrx_word' id='word_1_90' title='bbox 614 1189 869 1242; x_wconf 84' lang='lat' dir='ltr'><strong>exierunt</strong></span> <span class='ocrx_word' id='word_1_91' title='bbox 904 1187 1075 1241; x_wconf 89' lang='lat' dir='ltr'><strong>donec</strong></span> <span class='ocrx_word' id='word_1_92' title='bbox 1111 1186 1428 1255; x_wconf 83' lang='lat' dir='ltr'><strong>regionibus</strong></span> <span class='ocrx_word' id='word_1_93' title='bbox 1461 1187 1612 1241; x_wconf 82' lang='lat' dir='ltr'><strong>artis.</strong></span> <span class='ocrx_word' id='word_1_94' title='bbox 1983 1207 2054 1246; x_wconf 70' lang='grc' dir='ltr'><strong>ιω</strong></span> 
     </span>
     <span class='ocr_line' id='line_1_16' title="bbox 414 1262 1779 1333; baseline 0 -17"><span class='ocrx_word' id='word_1_95' title='bbox 414 1263 537 1318; x_wconf 88' lang='lat' dir='ltr'><strong>Hoc</strong></span> <span class='ocrx_word' id='word_1_96' title='bbox 571 1264 738 1319; x_wconf 87' lang='lat' dir='ltr'><strong>etiam</strong></span> <span class='ocrx_word' id='word_1_97' title='bbox 773 1268 935 1333; x_wconf 83' lang='lat' dir='ltr'><strong>pacto</strong></span> <span class='ocrx_word' id='word_1_98' title='bbox 970 1264 1182 1317; x_wconf 85' lang='lat' dir='ltr'><strong>tonitru</strong></span> <span class='ocrx_word' id='word_1_99' title='bbox 1221 1279 1484 1317; x_wconf 85' lang='lat' dir='ltr'><strong>concussa</strong></span> <span class='ocrx_word' id='word_1_100' title='bbox 1519 1262 1779 1318; x_wconf 87' lang='lat' dir='ltr'><strong>videntur</strong></span> 
     </span>
    </p>

    <p class='ocr_par' dir='ltr' id='par_1_16' title="bbox 342 1339 1792 1410">
     <span class='ocr_line' id='line_1_17' title="bbox 342 1339 1792 1410; baseline 0.001 -17"><span class='ocrx_word' id='word_1_101' title='bbox 342 1340 523 1394; x_wconf 89' lang='lat' dir='ltr'><strong>omnia</strong></span> <span class='ocrx_word' id='word_1_102' title='bbox 560 1340 737 1410; x_wconf 80' lang='lat' dir='ltr'><strong>saepe</strong></span> <span class='ocrx_word' id='word_1_103' title='bbox 757 1341 910 1409; x_wconf 87' lang='lat' dir='ltr'><strong>gravi</strong></span> <span class='ocrx_word' id='word_1_104' title='bbox 944 1343 1186 1394; x_wconf 83' lang='lat' dir='ltr'><strong>tremere</strong></span> <span class='ocrx_word' id='word_1_105' title='bbox 1223 1343 1282 1394; x_wconf 89' lang='lat' dir='ltr'><strong>et</strong></span> <span class='ocrx_word' id='word_1_106' title='bbox 1317 1339 1528 1394; x_wconf 89' lang='lat' dir='ltr'><strong>divolsa</strong></span> <span class='ocrx_word' id='word_1_107' title='bbox 1561 1344 1792 1409; x_wconf 87' lang='lat' dir='ltr'><strong>repente</strong></span> 
     </span>
    </p>

    <p class='ocr_par' dir='ltr' id='par_1_17' title="bbox 341 1416 1653 1484">
     <span class='ocr_line' id='line_1_18' title="bbox 341 1416 1653 1484; baseline -0.001 -15"><span class='ocrx_word' id='word_1_108' title='bbox 341 1416 577 1470; x_wconf 82' lang='lat' dir='ltr'><strong>maxima</strong></span> <span class='ocrx_word' id='word_1_109' title='bbox 612 1417 912 1471; x_wconf 88' lang='lat' dir='ltr'><strong>dissiluisse</strong></span> <span class='ocrx_word' id='word_1_110' title='bbox 949 1416 1164 1484; x_wconf 86' lang='lat' dir='ltr'><strong>capacis</strong></span> <span class='ocrx_word' id='word_1_111' title='bbox 1199 1416 1414 1470; x_wconf 85' lang='lat' dir='ltr'><strong>moenia</strong></span> <span class='ocrx_word' id='word_1_112' title='bbox 1447 1416 1653 1484; x_wconf 86' lang='lat' dir='ltr'><strong>mundi,</strong></span> 
     </span>
    </p>

    <p class='ocr_par' dir='ltr' id='par_1_18' title="bbox 341 1491 1628 1561">
     <span class='ocr_line' id='line_1_19' title="bbox 341 1491 1628 1561; baseline 0.001 -17"><span class='ocrx_word' id='word_1_113' title='bbox 341 1508 465 1545; x_wconf 91' lang='lat' dir='ltr'><strong>cum</strong></span> <span class='ocrx_word' id='word_1_114' title='bbox 502 1492 687 1548; x_wconf 88' lang='lat' dir='ltr'><strong>subito</strong></span> <span class='ocrx_word' id='word_1_115' title='bbox 722 1493 885 1547; x_wconf 80' lang='lat' dir='ltr'><strong>validi</strong></span> <span class='ocrx_word' id='word_1_116' title='bbox 920 1493 1073 1546; x_wconf 83' lang='lat' dir='ltr'><strong>venti</strong></span> <span class='ocrx_word' id='word_1_117' title='bbox 1108 1491 1357 1546; x_wconf 90' lang='lat' dir='ltr'><strong>conlecta</strong></span> <span class='ocrx_word' id='word_1_118' title='bbox 1390 1492 1628 1561; x_wconf 87' lang='lat' dir='ltr'><strong>procella</strong></span> 
     </span>
    </p>

    <p class='ocr_par' dir='ltr' id='par_1_19' title="bbox 340 1567 2052 1636">
     <span class='ocr_line' id='line_1_20' title="bbox 340 1567 2052 1636; baseline 0.001 -14"><span class='ocrx_word' id='word_1_119' title='bbox 340 1568 576 1622; x_wconf 88' lang='lat' dir='ltr'><strong>nubibus</strong></span> <span class='ocrx_word' id='word_1_120' title='bbox 610 1569 833 1623; x_wconf 81' lang='lat' dir='ltr'><strong>intorsit</strong></span> <span class='ocrx_word' id='word_1_121' title='bbox 867 1585 988 1622; x_wconf 87' lang='lat' dir='ltr'><strong>sese</strong></span> <span class='ocrx_word' id='word_1_122' title='bbox 1022 1568 1383 1636; x_wconf 76' lang='lat' dir='ltr'><strong>conclusaque</strong></span> <span class='ocrx_word' id='word_1_123' title='bbox 1418 1567 1624 1622; x_wconf 88' lang='lat' dir='ltr'><strong>ibidem</strong></span> <span class='ocrx_word' id='word_1_124' title='bbox 1977 1585 2052 1628; x_wconf 77' lang='lat'><strong>125</strong></span> 
     </span>
    </p>

    <p class='ocr_par' dir='ltr' id='par_1_20' title="bbox 342 1645 1870 1714">
     <span class='ocr_line' id='line_1_21' title="bbox 342 1645 1870 1714; baseline 0.002 -17"><span class='ocrx_word' id='word_1_125' title='bbox 342 1645 569 1699; x_wconf 86' lang='lat' dir='ltr'><strong>turbine</strong></span> <span class='ocrx_word' id='word_1_126' title='bbox 605 1646 845 1700; x_wconf 81' lang='lat' dir='ltr'><strong>versanti</strong></span> <span class='ocrx_word' id='word_1_127' title='bbox 880 1646 1053 1714; x_wconf 83' lang='lat' dir='ltr'><strong>magis</strong></span> <span class='ocrx_word' id='word_1_128' title='bbox 1087 1661 1152 1698; x_wconf 83' lang='lat' dir='ltr'><strong>ac</strong></span> <span class='ocrx_word' id='word_1_129' title='bbox 1187 1645 1361 1712; x_wconf 83' lang='lat' dir='ltr'><strong>magis</strong></span> <span class='ocrx_word' id='word_1_130' title='bbox 1393 1645 1636 1714; x_wconf 86' lang='lat' dir='ltr'><strong>undique</strong></span> <span class='ocrx_word' id='word_1_131' title='bbox 1671 1645 1870 1700; x_wconf 87' lang='lat' dir='ltr'><strong>nubem</strong></span> 
     </span>
    </p>

    <p class='ocr_par' dir='ltr' id='par_1_21' title="bbox 340 1721 1635 1792">
     <span class='ocr_line' id='line_1_22' title="bbox 340 1721 1635 1792; baseline 0.002 -17"><span class='ocrx_word' id='word_1_132' title='bbox 340 1722 489 1791; x_wconf 81' lang='lat' dir='ltr'><strong>cogit</strong></span> <span class='ocrx_word' id='word_1_133' title='bbox 521 1722 605 1778; x_wconf 92' lang='lat' dir='ltr'><strong>uti</strong></span> <span class='ocrx_word' id='word_1_134' title='bbox 642 1722 741 1778; x_wconf 83' lang='lat' dir='ltr'><strong>fiat</strong></span> <span class='ocrx_word' id='word_1_135' title='bbox 777 1723 951 1792; x_wconf 88' lang='lat' dir='ltr'><strong>spisso</strong></span> <span class='ocrx_word' id='word_1_136' title='bbox 986 1737 1119 1777; x_wconf 86' lang='lat' dir='ltr'><strong>cava</strong></span> <span class='ocrx_word' id='word_1_137' title='bbox 1155 1737 1382 1791; x_wconf 88' lang='lat' dir='ltr'><strong>corpore</strong></span> <span class='ocrx_word' id='word_1_138' title='bbox 1417 1721 1635 1791; x_wconf 87' lang='lat' dir='ltr'><strong>circum,</strong></span> 
     </span>
    </p>

    <p class='ocr_par' dir='ltr' id='par_1_22' title="bbox 340 1798 1737 1868">
     <span class='ocr_line' id='line_1_23' title="bbox 340 1798 1737 1868; baseline 0.001 -15"><span class='ocrx_word' id='word_1_139' title='bbox 340 1803 466 1868; x_wconf 89' lang='lat' dir='ltr'><strong>post</strong></span> <span class='ocrx_word' id='word_1_140' title='bbox 499 1800 593 1853; x_wconf 89' lang='lat' dir='ltr'><strong>ubi</strong></span> <span class='ocrx_word' id='word_1_141' title='bbox 629 1800 927 1854; x_wconf 85' lang='lat' dir='ltr'><strong>conminuit</strong></span> <span class='ocrx_word' id='word_1_142' title='bbox 962 1799 1046 1853; x_wconf 87' lang='lat' dir='ltr'><strong>vis</strong></span> <span class='ocrx_word' id='word_1_143' title='bbox 1080 1799 1198 1853; x_wconf 87' lang='lat' dir='ltr'><strong>eius</strong></span> <span class='ocrx_word' id='word_1_144' title='bbox 1233 1803 1292 1852; x_wconf 88' lang='lat' dir='ltr'><strong>et</strong></span> <span class='ocrx_word' id='word_1_145' title='bbox 1325 1798 1564 1868; x_wconf 89' lang='lat' dir='ltr'><strong>impetus</strong></span> <span class='ocrx_word' id='word_1_146' title='bbox 1596 1816 1737 1867; x_wconf 84' lang='lat' dir='ltr'><strong>acer,</strong></span> 
     </span>
    </p>
   </div>
   <div class='ocr_carea' id='block_1_3' title="bbox 338 1874 2050 2020">
    <p class='ocr_par' dir='ltr' id='par_1_23' title="bbox 338 1874 2050 2020">
     <span class='ocr_line' id='line_1_24' title="bbox 338 1874 1780 1945; baseline 0 -16"><span class='ocrx_word' id='word_1_147' title='bbox 338 1879 459 1929; x_wconf 86' lang='lat' dir='ltr'><strong>tum</strong></span> <span class='ocrx_word' id='word_1_148' title='bbox 496 1876 901 1945; x_wconf 84' lang='lat' dir='ltr'><strong>perterricrepo</strong></span> <span class='ocrx_word' id='word_1_149' title='bbox 938 1875 1121 1929; x_wconf 87' lang='lat' dir='ltr'><strong>sonitu</strong></span> <span class='ocrx_word' id='word_1_150' title='bbox 1157 1876 1256 1929; x_wconf 82' lang='lat' dir='ltr'><strong>dat</strong></span> <span class='ocrx_word' id='word_1_151' title='bbox 1291 1875 1460 1929; x_wconf 87' lang='lat' dir='ltr'><strong>scissa</strong></span> <span class='ocrx_word' id='word_1_152' title='bbox 1493 1874 1780 1943; x_wconf 82' lang='lat' dir='ltr'><strong>fragorem.</strong></span> 
     </span>
     <span class='ocr_line' id='line_1_25' title="bbox 339 1950 2050 2020; baseline 0.001 -16"><span class='ocrx_word' id='word_1_153' title='bbox 339 1967 440 2005; x_wconf 89' lang='lat' dir='ltr'><strong>nec</strong></span> <span class='ocrx_word' id='word_1_154' title='bbox 477 1951 690 2017; x_wconf 87' lang='lat' dir='ltr'><strong>mirum,</strong></span> <span class='ocrx_word' id='word_1_155' title='bbox 730 1964 857 2006; x_wconf 86' lang='lat' dir='ltr'><strong>cum</strong></span> <span class='ocrx_word' id='word_1_156' title='bbox 890 1951 1057 2020; x_wconf 88' lang='lat' dir='ltr'><strong>plena</strong></span> <span class='ocrx_word' id='word_1_157' title='bbox 1090 1950 1304 2004; x_wconf 86' lang='lat' dir='ltr'><strong>animae</strong></span> <span class='ocrx_word' id='word_1_158' title='bbox 1340 1950 1614 2004; x_wconf 81' lang='lat' dir='ltr'><strong>vensicula</strong></span> <span class='ocrx_word' id='word_1_159' title='bbox 1648 1967 1818 2019; x_wconf 87' lang='lat' dir='ltr'><strong>parva</strong></span> <span class='ocrx_word' id='word_1_160' title='bbox 1974 1968 2050 2006; x_wconf 82' lang='lat'><strong>130</strong></span> 
     </span>
    </p>
   </div>
   <div class='ocr_carea' id='block_1_4' title="bbox 270 2020 2062 3160">
    <p class='ocr_par' dir='ltr' id='par_1_24' title="bbox 270 2020 2062 3160">
     <span class='ocr_line' id='line_1_26' title="bbox 338 2020 1892 2096; baseline 0.001 -18"><span class='ocrx_word' id='word_1_161' title='bbox 338 2042 506 2094; x_wconf 88' lang='lat' dir='ltr'><strong>saepe</strong></span> <span class='ocrx_word' id='word_1_162' title='bbox 542 2026 641 2080; x_wconf 89' lang='lat' dir='ltr'><strong>det</strong></span> <span class='ocrx_word' id='word_1_163' title='bbox 674 2020 810 2080; x_wconf 76' lang='lat' dir='ltr'><strong>hau‘t</strong></span> <span class='ocrx_word' id='word_1_164' title='bbox 846 2043 1074 2096; x_wconf 85' lang='lat' dir='ltr'><strong>parvum</strong></span> <span class='ocrx_word' id='word_1_165' title='bbox 1108 2026 1348 2080; x_wconf 87' lang='lat' dir='ltr'><strong>sonitum</strong></span> <span class='ocrx_word' id='word_1_166' title='bbox 1385 2025 1622 2095; x_wconf 84' lang='lat' dir='ltr'><strong>displosa</strong></span> <span class='ocrx_word' id='word_1_167' title='bbox 1656 2033 1892 2095; x_wconf 88' lang='lat' dir='ltr'><strong>repente.</strong></span> 
     </span>
     <span class='ocr_line' id='line_1_27' title="bbox 410 2101 1754 2170; baseline 0.001 -17"><span class='ocrx_word' id='word_1_168' title='bbox 410 2101 513 2155; x_wconf 87' lang='lat' dir='ltr'><strong>Est</strong></span> <span class='ocrx_word' id='word_1_169' title='bbox 547 2102 714 2156; x_wconf 83' lang='lat' dir='ltr'><strong>etiam</strong></span> <span class='ocrx_word' id='word_1_170' title='bbox 749 2104 907 2170; x_wconf 84' lang='lat' dir='ltr'><strong>ratic,</strong></span> <span class='ocrx_word' id='word_1_171' title='bbox 942 2118 1066 2156; x_wconf 88' lang='lat' dir='ltr'><strong>cum</strong></span> <span class='ocrx_word' id='word_1_172' title='bbox 1101 2101 1252 2156; x_wconf 84' lang='lat' dir='ltr'><strong>venti</strong></span> <span class='ocrx_word' id='word_1_173' title='bbox 1287 2102 1471 2155; x_wconf 90' lang='lat' dir='ltr'><strong>nubila</strong></span> <span class='ocrx_word' id='word_1_174' title='bbox 1505 2102 1754 2169; x_wconf 86' lang='lat' dir='ltr'><strong>perflant,</strong></span> 
     </span>
     <span class='ocr_line' id='line_1_28' title="bbox 338 2177 1678 2233; baseline -0.001 -2"><span class='ocrx_word' id='word_1_175' title='bbox 338 2180 403 2231; x_wconf 89' lang='lat' dir='ltr'><strong>ut</strong></span> <span class='ocrx_word' id='word_1_176' title='bbox 438 2178 648 2232; x_wconf 88' lang='lat' dir='ltr'><strong>sonitus</strong></span> <span class='ocrx_word' id='word_1_177' title='bbox 682 2179 899 2232; x_wconf 80' lang='lat' dir='ltr'><strong>faciant.</strong></span> <span class='ocrx_word' id='word_1_178' title='bbox 938 2178 1145 2233; x_wconf 88' lang='lat' dir='ltr'><strong>etenim</strong></span> <span class='ocrx_word' id='word_1_179' title='bbox 1181 2193 1397 2231; x_wconf 87' lang='lat' dir='ltr'><strong>ramosa</strong></span> <span class='ocrx_word' id='word_1_180' title='bbox 1429 2177 1678 2231; x_wconf 81' lang='lat' dir='ltr'><strong>videmus</strong></span> 
     </span>
     <span class='ocr_line' id='line_1_29' title="bbox 336 2252 1790 2323; baseline -0.001 -17"><span class='ocrx_word' id='word_1_181' title='bbox 336 2253 523 2307; x_wconf 84' lang='lat' dir='ltr'><strong>nubila</strong></span> <span class='ocrx_word' id='word_1_182' title='bbox 559 2270 723 2323; x_wconf 73' lang='lat' dir='ltr'><strong>saepe</strong></span> <span class='ocrx_word' id='word_1_183' title='bbox 757 2254 935 2308; x_wconf 91' lang='lat' dir='ltr'><strong>modis</strong></span> <span class='ocrx_word' id='word_1_184' title='bbox 969 2253 1162 2307; x_wconf 89' lang='lat' dir='ltr'><strong>multis</strong></span> <span class='ocrx_word' id='word_1_185' title='bbox 1195 2257 1362 2321; x_wconf 86' lang='lat' dir='ltr'><strong>atque</strong></span> <span class='ocrx_word' id='word_1_186' title='bbox 1396 2268 1594 2322; x_wconf 82' lang='lat' dir='ltr'><strong>aspera</strong></span> <span class='ocrx_word' id='word_1_187' title='bbox 1626 2252 1790 2316; x_wconf 82' lang='lat' dir='ltr'><strong>ferri3</strong></span> 
     </span>
     <span class='ocr_line' id='line_1_30' title="bbox 338 2328 2045 2397; baseline 0.002 -15"><span class='ocrx_word' id='word_1_188' title='bbox 338 2330 544 2383; x_wconf 87' lang='lat' dir='ltr'><strong>scilicet</strong></span> <span class='ocrx_word' id='word_1_189' title='bbox 578 2334 657 2397; x_wconf 89' lang='lat' dir='ltr'><strong>ut,</strong></span> <span class='ocrx_word' id='word_1_190' title='bbox 694 2330 942 2384; x_wconf 87' lang='lat' dir='ltr'><strong>crebram</strong></span> <span class='ocrx_word' id='word_1_191' title='bbox 978 2328 1170 2383; x_wconf 81' lang='lat' dir='ltr'><strong>silvam</strong></span> <span class='ocrx_word' id='word_1_192' title='bbox 1204 2346 1328 2383; x_wconf 89' lang='lat' dir='ltr'><strong>cum</strong></span> <span class='ocrx_word' id='word_1_193' title='bbox 1363 2329 1582 2382; x_wconf 86' lang='lat' dir='ltr'><strong>flamina</strong></span> <span class='ocrx_word' id='word_1_194' title='bbox 1615 2328 1764 2382; x_wconf 85' lang='lat' dir='ltr'><strong>cauri</strong></span> <span class='ocrx_word' id='word_1_195' title='bbox 1972 2345 2045 2385; x_wconf 80' lang='lat'><strong>135</strong></span> 
     </span>
     <span class='ocr_line' id='line_1_31' title="bbox 336 2404 1886 2474; baseline 0 -15"><span class='ocrx_word' id='word_1_196' title='bbox 336 2405 588 2474; x_wconf 79' lang='lat' dir='ltr'><strong>perflant,</strong></span> <span class='ocrx_word' id='word_1_197' title='bbox 622 2406 761 2461; x_wconf 89' lang='lat' dir='ltr'><strong>dant</strong></span> <span class='ocrx_word' id='word_1_198' title='bbox 794 2406 1031 2461; x_wconf 89' lang='lat' dir='ltr'><strong>sonitum</strong></span> <span class='ocrx_word' id='word_1_199' title='bbox 1066 2404 1290 2460; x_wconf 85' lang='lat' dir='ltr'><strong>frondes</strong></span> <span class='ocrx_word' id='word_1_200' title='bbox 1323 2404 1568 2473; x_wconf 89' lang='lat' dir='ltr'><strong>ramique</strong></span> <span class='ocrx_word' id='word_1_201' title='bbox 1602 2405 1886 2472; x_wconf 82' lang='lat' dir='ltr'><strong>fragorem.</strong></span> 
     </span>
     <span class='ocr_line' id='line_1_32' title="bbox 336 2480 1774 2551; baseline 0 -18"><span class='ocrx_word' id='word_1_202' title='bbox 336 2481 402 2534; x_wconf 88' lang='lat' dir='ltr'><strong>fit</strong></span> <span class='ocrx_word' id='word_1_203' title='bbox 436 2498 651 2551; x_wconf 87' lang='lat' dir='ltr'><strong>quoque</strong></span> <span class='ocrx_word' id='word_1_204' title='bbox 685 2484 751 2537; x_wconf 83' lang='lat' dir='ltr'><strong>ut</strong></span> <span class='ocrx_word' id='word_1_205' title='bbox 783 2482 1063 2537; x_wconf 87' lang='lat' dir='ltr'><strong>interdum</strong></span> <span class='ocrx_word' id='word_1_206' title='bbox 1099 2481 1266 2536; x_wconf 84' lang='lat' dir='ltr'><strong>validi</strong></span> <span class='ocrx_word' id='word_1_207' title='bbox 1302 2482 1385 2534; x_wconf 81' lang='lat' dir='ltr'><strong>vis</strong></span> <span class='ocrx_word' id='word_1_208' title='bbox 1419 2480 1589 2535; x_wconf 80' lang='lat' dir='ltr'><strong>incita.</strong></span> <span class='ocrx_word' id='word_1_209' title='bbox 1621 2481 1774 2534; x_wconf 85' lang='lat' dir='ltr'><strong>venti</strong></span> 
     </span>
     <span class='ocr_line' id='line_1_33' title="bbox 335 2556 1720 2627; baseline 0.001 -18"><span class='ocrx_word' id='word_1_210' title='bbox 335 2556 655 2626; x_wconf 85' lang='lat' dir='ltr'><strong>perscindat</strong></span> <span class='ocrx_word' id='word_1_211' title='bbox 688 2557 891 2612; x_wconf 87' lang='lat' dir='ltr'><strong>nubem</strong></span> <span class='ocrx_word' id='word_1_212' title='bbox 926 2558 1272 2627; x_wconf 83' lang='lat' dir='ltr'><strong>perfringens</strong></span> <span class='ocrx_word' id='word_1_213' title='bbox 1308 2557 1518 2627; x_wconf 86' lang='lat' dir='ltr'><strong>impete</strong></span> <span class='ocrx_word' id='word_1_214' title='bbox 1553 2560 1720 2611; x_wconf 83' lang='lat' dir='ltr'><strong>recte.</strong></span> 
     </span>
     <span class='ocr_line' id='line_1_34' title="bbox 334 2632 1808 2703; baseline 0.001 -18"><span class='ocrx_word' id='word_1_215' title='bbox 334 2649 461 2686; x_wconf 88' lang='lat' dir='ltr'><strong>nam</strong></span> <span class='ocrx_word' id='word_1_216' title='bbox 494 2633 628 2702; x_wconf 91' lang='lat' dir='ltr'><strong>quid</strong></span> <span class='ocrx_word' id='word_1_217' title='bbox 660 2634 837 2703; x_wconf 88' lang='lat' dir='ltr'><strong>possit</strong></span> <span class='ocrx_word' id='word_1_218' title='bbox 870 2634 947 2688; x_wconf 92' lang='lat' dir='ltr'><strong>ibi</strong></span> <span class='ocrx_word' id='word_1_219' title='bbox 985 2634 1150 2689; x_wconf 86' lang='lat' dir='ltr'><strong>flatus</strong></span> <span class='ocrx_word' id='word_1_220' title='bbox 1184 2634 1471 2689; x_wconf 83' lang='lat' dir='ltr'><strong>manifesta</strong></span> <span class='ocrx_word' id='word_1_221' title='bbox 1505 2632 1670 2701; x_wconf 85' lang='lat' dir='ltr'><strong>docet</strong></span> <span class='ocrx_word' id='word_1_222' title='bbox 1704 2650 1808 2702; x_wconf 81' lang='lat' dir='ltr'><strong>res„</strong></span> 
     </span>
     <span class='ocr_line' id='line_1_35' title="bbox 270 2708 2042 2785; baseline 0 -23"><span class='ocrx_word' id='word_1_223' title='bbox 270 2780 277 2785; x_wconf 83' lang='lat'><em>.</em></span> <span class='ocrx_word' id='word_1_224' title='bbox 331 2708 433 2775; x_wconf 89' lang='lat' dir='ltr'><strong>hic,</strong></span> <span class='ocrx_word' id='word_1_225' title='bbox 469 2709 563 2763; x_wconf 92' lang='lat' dir='ltr'><strong>ubi</strong></span> <span class='ocrx_word' id='word_1_226' title='bbox 598 2710 772 2764; x_wconf 85' lang='lat' dir='ltr'><strong>lenior</strong></span> <span class='ocrx_word' id='word_1_227' title='bbox 804 2714 908 2777; x_wconf 86' lang='lat' dir='ltr'><strong>est,</strong></span> <span class='ocrx_word' id='word_1_228' title='bbox 944 2710 1003 2764; x_wconf 90' lang='lat' dir='ltr'><strong>in</strong></span> <span class='ocrx_word' id='word_1_229' title='bbox 1038 2713 1192 2765; x_wconf 87' lang='lat' dir='ltr'><strong>terra</strong></span> <span class='ocrx_word' id='word_1_230' title='bbox 1225 2726 1348 2765; x_wconf 91' lang='lat' dir='ltr'><strong>cum</strong></span> <span class='ocrx_word' id='word_1_231' title='bbox 1382 2712 1570 2763; x_wconf 80' lang='lat' dir='ltr'><strong>tamen</strong></span> <span class='ocrx_word' id='word_1_232' title='bbox 1603 2709 1716 2763; x_wconf 86' lang='lat' dir='ltr'><strong>alta</strong></span> <span class='ocrx_word' id='word_1_233' title='bbox 1969 2724 2042 2763; x_wconf 77' lang='lat'><strong>140</strong></span> 
     </span>
     <span class='ocr_line' id='line_1_36' title="bbox 332 2785 1658 2842; baseline -0.001 -3"><span class='ocrx_word' id='word_1_234' title='bbox 332 2785 557 2840; x_wconf 82' lang='lat' dir='ltr'><strong>arbusta</strong></span> <span class='ocrx_word' id='word_1_235' title='bbox 590 2787 844 2842; x_wconf 83' lang='lat' dir='ltr'><strong>evolvens</strong></span> <span class='ocrx_word' id='word_1_236' title='bbox 878 2786 1156 2842; x_wconf 83' lang='lat' dir='ltr'><strong>radicibus</strong></span> <span class='ocrx_word' id='word_1_237' title='bbox 1191 2787 1376 2841; x_wconf 83' lang='lat' dir='ltr'><strong>haurit</strong></span> <span class='ocrx_word' id='word_1_238' title='bbox 1411 2786 1484 2839; x_wconf 82' lang='lat' dir='ltr'><strong>ab</strong></span> <span class='ocrx_word' id='word_1_239' title='bbox 1520 2786 1658 2839; x_wconf 90' lang='lat' dir='ltr'><strong>imis.</strong></span> 
     </span>
     <span class='ocr_line' id='line_1_37' title="bbox 332 2862 1868 2933; baseline -0.001 -18"><span class='ocrx_word' id='word_1_240' title='bbox 332 2865 461 2916; x_wconf 86' lang='lat' dir='ltr'><strong>sunt</strong></span> <span class='ocrx_word' id='word_1_241' title='bbox 495 2862 661 2916; x_wconf 86' lang='lat' dir='ltr'><strong>etiam</strong></span> <span class='ocrx_word' id='word_1_242' title='bbox 695 2862 897 2917; x_wconf 86' lang='lat' dir='ltr'><strong>fluctus</strong></span> <span class='ocrx_word' id='word_1_243' title='bbox 930 2880 1033 2933; x_wconf 90' lang='lat' dir='ltr'><strong>per</strong></span> <span class='ocrx_word' id='word_1_244' title='bbox 1064 2863 1266 2931; x_wconf 86' lang='lat' dir='ltr'><strong>nubila,</strong></span> <span class='ocrx_word' id='word_1_245' title='bbox 1303 2863 1398 2932; x_wconf 88' lang='lat' dir='ltr'><strong>qui</strong></span> <span class='ocrx_word' id='word_1_246' title='bbox 1432 2863 1587 2931; x_wconf 86' lang='lat' dir='ltr'><strong>quasi</strong></span> <span class='ocrx_word' id='word_1_247' title='bbox 1620 2878 1868 2915; x_wconf 87' lang='lat' dir='ltr'><strong>murmur</strong></span> 
     </span>
     <span class='ocr_line' id='line_1_38' title="bbox 332 2936 1909 3008; baseline 0.001 -18"><span class='ocrx_word' id='word_1_248' title='bbox 332 2936 468 2991; x_wconf 88' lang='lat' dir='ltr'><strong>dant</strong></span> <span class='ocrx_word' id='word_1_249' title='bbox 502 2938 559 2991; x_wconf 86' lang='lat' dir='ltr'><strong>in</strong></span> <span class='ocrx_word' id='word_1_250' title='bbox 592 2938 898 3007; x_wconf 86' lang='lat' dir='ltr'><strong>frangendo</strong></span> <span class='ocrx_word' id='word_1_251' title='bbox 931 2940 1204 3008; x_wconf 82' lang='lat' dir='ltr'><strong>graviter3</strong></span> <span class='ocrx_word' id='word_1_252' title='bbox 1237 2938 1386 3008; x_wconf 91' lang='lat' dir='ltr'><strong>quod</strong></span> <span class='ocrx_word' id='word_1_253' title='bbox 1420 2939 1553 2993; x_wconf 84' lang='lat' dir='ltr'><strong>item</strong></span> <span class='ocrx_word' id='word_1_254' title='bbox 1588 2938 1656 2991; x_wconf 89' lang='lat' dir='ltr'><strong>fit</strong></span> <span class='ocrx_word' id='word_1_255' title='bbox 1688 2937 1746 2991; x_wconf 92' lang='lat' dir='ltr'><strong>in</strong></span> <span class='ocrx_word' id='word_1_256' title='bbox 1781 2936 1909 2992; x_wconf 82' lang='lat' dir='ltr'><strong>altis</strong></span> 
     </span>
     <span class='ocr_line' id='line_1_39' title="bbox 330 3013 2062 3084; baseline 0.002 -19"><span class='ocrx_word' id='word_1_257' title='bbox 330 3013 643 3075; x_wconf 87' lang='lat' dir='ltr'><strong>fluminibus</strong></span> <span class='ocrx_word' id='word_1_258' title='bbox 675 3032 985 3084; x_wconf 84' lang='lat' dir='ltr'><strong>magnoque</strong></span> <span class='ocrx_word' id='word_1_259' title='bbox 1020 3016 1175 3082; x_wconf 86' lang='lat' dir='ltr'><strong>mari,</strong></span> <span class='ocrx_word' id='word_1_260' title='bbox 1211 3031 1337 3069; x_wconf 89' lang='lat' dir='ltr'><strong>cum</strong></span> <span class='ocrx_word' id='word_1_261' title='bbox 1371 3014 1645 3082; x_wconf 80' lang='lat' dir='ltr'><strong>frangitur</strong></span> <span class='ocrx_word' id='word_1_262' title='bbox 1679 3017 1882 3068; x_wconf 72' lang='lat' dir='ltr'><strong>aestus.</strong></span> <span class='ocrx_word' id='word_1_263' title='bbox 2058 3064 2062 3069; x_wconf 92' lang='lat'>.</span> 
     </span>
     <span class='ocr_line' id='line_1_40' title="bbox 329 3089 2038 3160; baseline 0 -17"><span class='ocrx_word' id='word_1_264' title='bbox 329 3089 396 3144; x_wconf 89' lang='lat' dir='ltr'><strong>fit</strong></span> <span class='ocrx_word' id='word_1_265' title='bbox 430 3108 658 3160; x_wconf 88' lang='lat' dir='ltr'><strong>quoque,</strong></span> <span class='ocrx_word' id='word_1_266' title='bbox 678 3091 777 3147; x_wconf 83' lang='lat' dir='ltr'><strong>ubi</strong></span> <span class='ocrx_word' id='word_1_267' title='bbox 801 3107 834 3145; x_wconf 91' lang='lat' dir='ltr'><strong>e</strong></span> <span class='ocrx_word' id='word_1_268' title='bbox 866 3092 999 3147; x_wconf 86' lang='lat' dir='ltr'><strong>nubi</strong></span> <span class='ocrx_word' id='word_1_269' title='bbox 1030 3092 1089 3147; x_wconf 91' lang='lat' dir='ltr'><strong>in</strong></span> <span class='ocrx_word' id='word_1_270' title='bbox 1124 3091 1326 3145; x_wconf 89' lang='lat' dir='ltr'><strong>nubem</strong></span> <span class='ocrx_word' id='word_1_271' title='bbox 1362 3091 1443 3145; x_wconf 81' lang='lat' dir='ltr'><strong>vis</strong></span> <span class='ocrx_word' id='word_1_272' title='bbox 1476 3090 1669 3145; x_wconf 87' lang='lat' dir='ltr'><strong>incidit</strong></span> <span class='ocrx_word' id='word_1_273' title='bbox 1705 3089 1908 3145; x_wconf 83' lang='lat' dir='ltr'><strong>ardens</strong></span> <span class='ocrx_word' id='word_1_274' title='bbox 1966 3104 2038 3143; x_wconf 78' lang='lat'><strong>145</strong></span> 
     </span>
    </p>
   </div>
   <div class='ocr_carea' id='block_1_5' title="bbox 323 3164 1692 3285">
    <p class='ocr_par' dir='ltr' id='par_1_25' title="bbox 323 3164 1692 3285">
     <span class='ocr_line' id='line_1_41' title="bbox 323 3164 1692 3285; baseline 0.001 -67"><span class='ocrx_word' id='word_1_275' title='bbox 323 3164 585 3285; x_wconf 59' lang='grc' dir='ltr'>ξιὲίωἱῐιὶε,</span> <span class='ocrx_word' id='word_1_276' title='bbox 622 3168 756 3223; x_wconf 84' lang='lat' dir='ltr'><strong>haec</strong></span> <span class='ocrx_word' id='word_1_277' title='bbox 790 3170 965 3225; x_wconf 88' lang='lat' dir='ltr'><strong>multo</strong></span> <span class='ocrx_word' id='word_1_278' title='bbox 1000 3168 1046 3223; x_wconf 89' lang='lat' dir='ltr'><strong>si</strong></span> <span class='ocrx_word' id='word_1_279' title='bbox 1080 3168 1226 3223; x_wconf 87' lang='lat' dir='ltr'><strong>forte</strong></span> <span class='ocrx_word' id='word_1_280' title='bbox 1259 3183 1449 3221; x_wconf 85' lang='lat' dir='ltr'><strong>umore</strong></span> <span class='ocrx_word' id='word_1_281' title='bbox 1483 3168 1692 3237; x_wconf 84' lang='lat' dir='ltr'><strong>recepit</strong></span> 
     </span>
    </p>
   </div>
  </div>
 </body>
</html>
