2259 3550
1114 121 1214 178 VI
1919 123 2030 179 187

324 223 599 282 sudabant
631 225 803 283 etiam
836 228 1025 283 fauces
1056 227 1384 282 intrinsecus
1418 229 1572 282 atrae

325 302 587 371 sanguine
622 306 682 358 et
715 303 991 358 ulceribus
1027 303 1173 358 vocis
1207 304 1298 358 via
1332 306 1522 372 saepta
1557 303 1740 358 coibat

322 381 490 447 atque
524 380 687 433 animi
720 380 995 448 interpres
1029 380 1289 438 manabat
1323 380 1509 447 lingua
1542 396 1735 434 cruore

324 454 613 509 debilitata
645 455 817 524 malis,
852 459 1007 510 motu
1041 457 1236 525 gravis,
1271 471 1466 525 aspera
1499 457 1668 510 tactu.
1937 469 2037 512 11⁵0

322 530 453 584 inde
488 530 582 584 ubi
616 548 719 601 per
752 532 939 586 fauces
973 535 1170 602 pectus
1204 532 1508 600 complerat
1543 533 1601 585 et
1635 530 1814 599 ipsum

324 607 577 662 morbida
593 608 695 674 ‚vis
729 608 786 660 in
822 624 918 663 cor
950 613 1223 662 maestum
1259 607 1600 662 confluxerat
1633 606 1828 675 aegris,

324 683 504 738 omnia
539 686 657 737 tum
694 700 825 738 vero
859 685 993 740 vitai
1029 685 1270 738 claustra
1302 682 1578 742 lababant.

325 759 554 828 spiritus
587 775 683 814 ore
718 760 863 814 foras
896 764 1140 816 taetrum
1177 759 1434 814 volvebat
1467 758 1712 828 odorem,

324 834 551 892 rancida
583 853 691 905 quo
726 836 979 906 perolent
1013 837 1262 906 proiecta
1297 835 1566 891 cadavera
1599 836 1727 892 ritu.
1941 850 2039 892 115⁵

325 915 495 982 atque
527 913 691 967 animi
726 930 979 982 prorsum
1014 920 1141 967 tum
1175 913 1321 967 vires
1361 913 1549 982 totila,
1583 929 1746 971 omne

324 988 619 1056 languebat
652 1007 847 1059 corpus
879 991 981 1045 leti
1016 991 1125 1044 iam
1162 990 1347 1044 limine
1381 990 1438 1043 in
1473 990 1608 1058 ipsc.

326 1065 883 1136 intolerabilibusque·
906 1067 1064 1120 malis
1098 1069 1220 1120 erat
1255 1067 1450 1120 anxius
1484 1082 1654 1134 angor

327 1140 557 1195 adsidue
591 1158 772 1195 comes
807 1147 866 1198 et
900 1143 1111 1212 gemitu
1147 1143 1444 1197 commixta
1477 1141 1748 1211 querella.»

328 1216 703 1285 singultusque
726 1218 982 1286 frequens
1002 1222 1224 1272 noctem
1247 1235 1351 1288 per
1373 1235 1540 1288 saepe
1563 1218 1820 1286 diemque
1942 1233 2039 1274 1100

326 1293 599 1362 corripere
634 1293 863 1348 adsidue
898 1310 1095 1348 nervos
1130 1298 1190 1348 ct
1223 1294 1472 1350 membra
1506 1299 1762 1350 coactans

328 1369 660 1424 dissoluebat
694 1387 803 1438 cosi,
839 1370 1083 1425 defessos
1118 1373 1264 1437 ante,
1301 1370 1552 1438 fatigans.

327 1463 428 1500 nec
462 1447 627 1500 nimio
662 1447 915 1516 cuiquam
948 1462 1141 1516 posses
1175 1446 1373 1500 ardore
1407 1447 1553 1500 tueri

328 1524 569 1592 corporis
602 1523 659 1576 in
696 1539 903 1578 summo
940 1539 1208 1576 summam
1243 1523 1548 1578 fervescere
1583 1527 1816 1594 partem,

326 1600 427 1654 sed.
459 1601 643 1670 potius
678 1600 927 1667 tepidum
962 1598 1216 1654 manibus
1249 1616 1556 1668 proponere
1589 1603 1800 1655 tactum
1939 1617 2036 1656 1165

327 1679 385 1730 et
420 1677 578 1731 simul
614 1675 889 1731 ulceribus
928 1677 1083 1746 quasi
1119 1676 1314 1730 inustis
1349 1693 1510 1730 omne
1544 1675 1768 1737 rubere¹

326 1769 539 1821 corpus,
576 1757 641 1807 ut
676 1756 762 1808 cst
796 1769 898 1823 per
932 1753 1181 1807 membra
1217 1768 1370 1811 sacer
1405 1751 1538 1807 dum
1575 1751 1788 1807 diditur
1820 1752 1981 1822 ignis,

325 1830 519 1883 intima
556 1847 686 1900 pars
721 1830 999 1884 hominum
1036 1846 1165 1884 vero
1201 1829 1469 1897 flag-rabat
1505 1829 1578 1883 ad
1613 1845 1750 1898 ossa,
1796 1882 1801 1887 .

328 1904 596 1972 flagrabat
631 1904 911 1958 stomacho
947 1905 1167 1959 flamma
1201 1909 1264 1958 ut
1299 1905 1610 1959 fornacibus
1646 1904 1811 1959 intus,
1858 1962 1860 1964 ,

328 1981 402 2033 nil
439 1980 575 2033 adeo
611 1995 800 2048 posses
834 1979 1087 2048 cuiquam
1121 1980 1244 2034 leve
1279 1984 1554 2047 tenveque
1587 1980 1846 2034 membris
1941 1993 2041 2035 11⁷⁰

330 2059 545 2110 vertere
578 2056 636 2109 in
670 2054 983 2121 utilitatem,
1020 2059 1079 2110 at
1114 2058 1340 2109 ventum
1377 2058 1436 2109 et
1471 2055 1679 2123 frigora
1713 2072 1942 2122 semper.

327 2132 385 2185 in
419 2131 609 2187 fluvios
642 2130 844 2201 partim
879 2131 1093 2199 gelidos
1126 2130 1384 2185 ardentia
1418 2131 1610 2185 morbo

329 2207 575 2262 membra
610 2208 816 2263 dabant
850 2208 1061 2264 nudum
1097 2208 1360 2261 iacientes
1395 2224 1591 2275 corpus
1627 2206 1685 2260 in
1721 2206 1914 2261 undas.

227 2298 315 2333 1178
332 2284 488 2337 multi
522 2284 851 2353 praecipites
886 2284 1117 2353 lymphis
1154 2283 1465 2353 putealibus
1497 2283 1614 2336 alte

227 2372 317 2408 1174
330 2360 638 2415 inciderunt
675 2362 793 2431 ipso
827 2360 1107 2415 venientes
1146 2376 1239 2413 ore
1274 2362 1528 2429 patente:
1946 2371 2036 2413 1175

328 2436 707 2490 insedabiliter
742 2437 859 2490 sitis
895 2437 1064 2502 arida,
1102 2452 1330 2505 corpora
1364 2451 1624 2503 mersam,

328 2512 601 2581 aequabat
634 2512 866 2567 multum
902 2514 1087 2582 parvis
1121 2512 1400 2566 umoribus
1434 2511 1681 2565 imbrem.

327 2607 429 2644 nec
462 2590 681 2658 requies
716 2592 837 2645 erat
871 2590 981 2643 ulla
1015 2590 1172 2643 mali:
1207 2590 1420 2643 defessa
1453 2588 1707 2643 iacebant

228 2685 316 2721 11⁷9
330 2681 570 2736 corpora.
605 2665 888 2720 mussabat
920 2666 1091 2720 tacito
1124 2666 1396 2727 medicina
1427 2664 1639 2734 timore,

332 2742 534 2812 quippe
570 2742 821 2812 patentia
854 2758 977 2797 cum
1014 2743 1220 2799 totiens
1255 2742 1505 2796 ardentia
1539 2740 1744 2795 morbis
1944 2753 2043 2794 uso

328 2818 535 2874 lumina
569 2823 851 2873 versarent
886 2820 1168 2875 oculorum
1205 2820 1457 2889 expertia
1493 2832 1693 2871 somne.

331 2896 612 2963 multaque
645 2899 935 2964 praeterea
969 2897 1162 2949 mortis
1198 2899 1318 2950 tum
1355 2896 1508 2963 signa
1544 2892 1832 2959 dabantur,

332 2970 655 3041 perturbata
692 2972 855 3025 animi
892 2989 1044 3026 mens
1080 2973 1138 3026 in
1173 2989 1420 3027 maerore
1453 2972 1733 3038 metuque,

332 3047 494 3101 triste
529 3049 895 3118 supercilium,
933 3049 1170 3103 furiosus
1204 3049 1385 3104 voltus
1419 3051 1481 3103 et
1515 3062 1656 3111 acer,

336 3123 596 3186 sollicitae
631 3140 795 3192 porro
831 3126 1132 3195 plenaeque
1167 3126 1450 3179 sonoribus
1485 3138 1664 3189 aurea
1945 3134 2043 3173 1185

336 3198 529 3253 creber
565 3198 793 3268 spiritus
828 3204 926 3255 aut
960 3200 1155 3269 ingens
1191 3217 1427 3269 raroque
1462 3202 1696 3265 coortus⁷
