2259 3550
250 70 361 124 118
1028 65 1171 122 1111

238 171 563 239 protrahere
596 172 651 222 in
686 171 862 223 lucem
900 174 1066 237 atquc
1102 170 1278 222 omnis
1311 169 1585 238 inquirere
1623 169 1762 224 risus

236 249 312 312 et,
348 248 391 300 si
427 245 569 300 bello
603 246 839 299 animost
872 249 931 300 et
966 263 1073 299 non
1108 245 1314 314 odiosa,
1347 245 1581 300 vicissim
1863 261 1964 301 nno

237 323 685 392 praetermittere
720 329 772 376 et
806 322 1055 376 humanis
1091 321 1392 376 concedere
1428 322 1604 376 rebus

310 399 359 451 N
365 416 428 452 ec
464 399 660 452 mulier
694 415 912 466 semper
948 399 1076 452 ficto
1112 399 1352 468 suspirat
1387 415 1573 452 amore

238 491 379 544 quae
412 474 678 544 conplexa
713 475 813 528 viri
848 491 1045 543 corpus
1080 491 1205 528 cum
1241 491 1468 542 corpore
1502 474 1682 544 iungit

239 555 297 605 et
332 555 487 607 tenet
522 551 766 606 adsuctis
798 557 1081 605 umectans
1115 551 1298 604 oscula
1334 550 1514 605 labris,

240 643 366 681 nam
400 628 535 683 facit
570 645 638 683 ex
674 629 855 682 anime
892 645 1055 697 saepe
1090 631 1150 682 et
1184 628 1490 681 communia
1523 643 1792 695 quaerens
1861 641 1960 684 1195

239 704 442 772 gaudia
476 704 734 758 sollicitat
770 705 1004 773 spatium
1042 703 1336 758 decurrere
1372 705 1586 757 amoris.

240 797 340 834 nec
374 782 587 835 ratione
621 779 727 834 alia
765 780 1007 834 volucres
1042 785 1292 833 :ix-iucnta
1325 780 1586 849 feraeque

240 865 300 910 et
336 857 574 926 pecudes
608 863 666 910 ct
702 873 876 924 cquae
912 857 1154 910 maribus
1191 855 1476 910 subsidere
1510 861 1749 925 possent,

240 933 285 986 si
320 950 441 999 non,
474 934 591 1002 ipsa
628 934 771 1001 quod
809 933 1020 986 illarum
1059 937 1222 986 sunat
1255 933 1418 986 ardet
1451 932 1736 988 abundans

241 1015 437 1064 natura
472 1014 531 1064 et
569 1011 838 1064 Venerem
876 1009 1165 1064 salientum
1201 1010 1348 1064 laeta
1381 1014 1659 1064 retractat.
1859 1022 1956 1062 120⁰

239 1103 416 1140 nonne
449 1087 603 1141 vides
638 1087 801 1139 etiam
839 1102 975 1154 quos
1010 1090 1200 1140 mutua
1235 1103 1399 1156 saepe
1434 1087 1683 1156 voluptas

240 1162 428 1230 vinxit,
463 1167 529 1218 ut
560 1165 613 1217 in
652 1163 843 1216 vinclis
879 1162 1254 1216 communibus
1289 1163 1706 1216 excrucientur?

239 1240 297 1292 in
331 1240 507 1294 triviis
542 1257 701 1308 quam
744 1255 907 1308 saepe
943 1256 1119 1304 canes,
1155 1239 1440 1293 discedere
1477 1240 1701 1302 aventis,
1769 1261 1788 1280 ε

141 1331 227 1364 1210
244 1315 445 1368 divorsi
481 1315 677 1383 cupide
715 1315 939 1368 summis
975 1331 1042 1367 cx
1083 1314 1274 1368 viribu'
1305 1315 1554 1375 tendunt,

142 1414 227 1446 1204
244 1407 402 1459 «quem
430 1392 641 1445 interea
665 1390 857 1443 validis
886 1390 1117 1444 Veneris
1141 1390 1490 1459 compagibus
1514 1390 1768 1445 haerent!
1861 1404 1956 1444 120⁵

244 1467 393 1535 qued
428 1469 672 1520 facerent
708 1482 1002 1534 numquam
1038 1466 1142 1520 nisi
1177 1471 1368 1520 mutua
1402 1466 1605 1534 gaudia
1639 1471 1863 1520 nossent

245 1559 387 1610 quae
422 1543 601 1596 iacere
636 1543 689 1596 in
727 1542 975 1596 fraudem
1010 1547 1238 1610 possent
1274 1543 1587 1610 vinctosque
1621 1547 1826 1596 tenere.

245 1634 415 1685 quare
439 1619 604 1672 etiam
628 1621 795 1686 atque
821 1619 1003 1684 ctiam,
1028 1622 1092 1672 ut
1116 1618 1253 1683 dico,
1277 1623 1366 1672 est
1391 1619 1675 1672 communi’
1697 1618 1955 1686 voluptas.

317 1695 389 1748 Et
422 1695 819 1748 commiscendo
856 1712 1019 1762 quom
1058 1695 1264 1749 semine
1299 1695 1443 1749 forte
1480 1695 1620 1748 virili

145 1784 227 1817 120⁹
246 1769 445 1825 femina
478 1770 587 1824 vim
622 1770 753 1824 vicit
789 1770 969 1825 subita
1004 1771 1056 1825 vi
1090 1770 1480 1840 corripuitque,
1859 1782 1958 1825 1210

245 1852 362 1901 tum
399 1848 600 1901 similes
635 1852 870 1901 matrum
908 1855 1157 1902 materno
1191 1847 1396 1902 semine
1433 1848 1588 1914 fiunt,

244 1930 307 1977 ut
342 1924 589 1992 patribus
624 1924 815 1992 patrio.
852 1924 951 1978 sed
988 1941 1123 1992 quos
1159 1924 1446 1991 utriusque
1479 1924 1688 1991 figurae

246 2016 364 2053 esse
400 2000 565 2065 vides,
602 2000 799 2054 iuxtim
832 2000 1123 2054 miscentes
1158 2000 1310 2053 vulta
1343 2005 1652 2068 parentum,

246 2092 471 2145 corpore
506 2076 577 2130 de
612 2076 790 2144 patrie
826 2079 885 2129 et
918 2082 1168 2132 materno
1205 2076 1466 2143 sanguine
1500 2079 1768 2143 crescunt,

245 2153 450 2205 semina
483 2169 605 2205 cum
647 2152 876 2204 Veneris
910 2152 1144 2205 stimulis
1177 2153 1358 2205 exeita
1391 2168 1491 2221 per
1525 2154 1680 2205 artus
1863 2164 1958 2205 1215

244 2227 403 2281 obvia
436 2228 681 2281 conflixit
715 2228 1027 2295 conspirans
1060 2231 1284 2281 mutuus
1318 2228 1497 2291 ardor,

245 2307 303 2357 et
336 2321 517 2372 neque
552 2310 737 2356 utrum
775 2304 1051 2370 superavit
1088 2319 1277 2357 eorum
1313 2320 1414 2357 nec
1451 2308 1842 2373 superatumst.

248 2378 309 2433 fit
330 2396 563 2453 *quoque
599 2383 663 2431 ut
696 2379 972 2433 interdum
1010 2378 1217 2432 similes
1251 2378 1490 2434 existere
1524 2395 1748 2433 avorum

244 2456 455 2523 possint
490 2462 549 2510 et
582 2456 827 2509 reserant
862 2471 1185 2523 proavorum
1223 2472 1386 2524 saepe
1421 2455 1624 2523 figuras

243 2534 538 2600 propterca
573 2532 702 2599 quia
734 2532 908 2585 multa
940 2531 1118 2585 modis
1153 2531 1452 2599 primordia
1485 2532 1673 2586 multis
1863 2540 1962 2586 lm

244 2608 416 2661 mixta
451 2623 548 2660 suo
582 2607 764 2661 celant
797 2608 853 2661 in
888 2624 1117 2677 corpore
1153 2624 1316 2676 saepe
1351 2608 1612 2677 parentis,

244 2699 385 2752 quae
420 2682 671 2750 patribus
706 2686 893 2751 patres
929 2684 1158 2738 tradunt
1193 2684 1261 2737 ab
1301 2685 1470 2753 stirpe
1506 2684 1786 2753 prefecta;

244 2759 373 2813 inde
412 2759 598 2812 Venus
632 2760 781 2813 varia
814 2760 1070 2829 producit
1107 2769 1258 2815 sorte
1295 2761 1497 2828 figuras

246 2837 619 2904 maiorumque
654 2836 825 2889 refert
862 2836 1039 2889 voltus
1075 2853 1344 2905 vocesque
1377 2852 1700 2904 comasque;

244 2910 685 2979 quandoquidem
721 2911 831 2964 nilo
865 2913 1039 2979 magis
1075 2912 1212 2965 haec
1248 2914 1314 2966 cle
1349 2916 1554 2966 semine
1589 2918 1742 2966 certo
1867 2926 1962 2967 1226

245 2987 383 3039 fiunt
420 3003 582 3054 quam
617 2988 783 3040 facies
818 2990 878 3041 et
913 3002 1142 3055 corpora
1178 2989 1533 3056 membraque
1571 2987 1742 3050 nobis,

247 3064 307 3113 et
340 3060 605 3113 muliebre
639 3063 815 3117 oritur
848 3064 1025 3129 patrio
1064 3062 1136 3115 de
1171 3063 1377 3117 semine
1413 3064 1650 3120 saeelum

248 3139 603 3202 maternoque
638 3150 817 3191 mares
852 3137 1096 3197 existunt
1132 3152 1359 3204 corpore
1395 3138 1548 3193 creti.
