2259 3550
1081 123 1178 178 v1
1887 123 1998 180 185

282 243 427 298 quae
462 243 767 282 memorare
800 241 998 296 queam
1032 226 1182 282 inter
1215 243 1276 282 se
1310 226 1620 297 singlarIter
1655 230 1800 300 apta.

280 321 419 359 saxa
453 303 607 358 vides
642 305 883 375 primum
918 303 1035 359 sola
1068 304 1340 360 colescere
1373 304 1535 360 calce.

281 381 498 450 glutine
532 381 792 435 materies
824 380 1043 434 taurino
1076 380 1323 448 iungitur
1356 398 1483 448 uno,

281 460 350 514 ut
384 457 519 512 vitio
556 473 729 512 venae
764 456 1074 511 tabularum
1110 457 1330 527 saepius
1365 457 1581 514 hiscant
1903 469 2002 512 1070

284 553 452 606 quam
486 535 673 589 laxare
708 540 913 604 queant
947 553 1238 607 compages
1271 541 1465 592 taurea
1498 535 1690 592 vincla.

283 611 513 680 vitigeni
547 611 736 666 latices
772 613 938 682 aqiiai
970 613 1218 667 fontibus
1252 613 1459 668 audent

284 689 519 757 misceri,
554 705 679 743 cum
714 689 809 758 pix
844 692 1083 758 nequeat
1116 690 1302 758 gravis
1335 693 1397 744 et
1427 689 1548 744 leve
1583 687 1794 742 olivom.

283 781 705 834 purpureusque
738 764 885 820 colos
920 765 1163 835 conchyli
1197 767 1444 835 iungitur
1475 781 1586 820 uno

284 859 513 911 corpore
536 859 662 897 cum
686 843 858 909 lanae,
882 842 1067 896 dirimi
1091 843 1187 911 qui
1210 859 1318 898 non
1343 846 1511 912 queat
1533 857 1781 911 usquam,
1905 852 2004 896 1075

284 934 396 972 non
431 919 478 973 si
513 919 761 988 Neptuni
796 920 968 975 fluctu
1003 936 1269 975 renovare
1303 935 1527 990 operam
1563 919 1679 985 des,

286 1011 409 1060 non,
442 1011 595 1050 mare
632 995 679 1049 si
714 999 895 1050 totum
932 996 1067 1052 velit
1100 997 1290 1052 eluere
1324 997 1574 1052 omnibus
1607 993 1788 1048 undis.

287 1070 527 1140 denique
559 1088 667 1126 non
700 1089 835 1126 auro
868 1089 960 1127 res
994 1089 1191 1128 aurum
1225 1074 1449 1142 copulat
1481 1089 1590 1126 una

286 1147 510 1216 aerique
543 1164 638 1202 aes
672 1149 896 1219 plumbo
930 1149 998 1204 fit
1030 1151 1116 1203 uti
1149 1150 1413 1219 iungatur
1445 1147 1518 1203 ab
1553 1148 1713 1204 albo?

285 1228 472 1278 cetera
505 1224 615 1278 iam
650 1241 814 1294 quam
847 1227 1021 1281 multa
1055 1227 1187 1282 licet
1219 1227 1490 1294 reperire!
1530 1224 1665 1293 quid
1699 1223 1868 1292 ergo?
1907 1235 2004 1277 1080

288 1317 391 1355 nec
424 1300 529 1354 tibi
564 1305 681 1355 tam
715 1301 893 1370 longis
928 1319 1065 1371 opus
1102 1306 1189 1356 est
1223 1303 1543 1370 ambagibus
1576 1316 1823 1369 usquam,

288 1393 389 1430 nec
423 1393 511 1431 me
546 1381 662 1432 tam
690 1378 925 1440 multam
959 1379 1049 1433 hic
1084 1395 1308 1447 operam
1343 1394 1664 1433 consumere
1697 1393 1800 1447 par
1833 1380 1936 1442 est,

288 1452 389 1506 sed
421 1452 663 1508 breviter
696 1455 887 1522 paucis
920 1458 1170 1524 praestat
1203 1455 1601 1525 comprendere
1634 1453 1820 1507 multa.

288 1545 521 1596 quorum
556 1531 637 1584 ita
670 1532 926 1585 texturae
962 1530 1283 1586 ceciderunt
1316 1534 1510 1586 mutua
1543 1533 1750 1594 contra,

286 1608 353 1660 ut
387 1621 521 1660 cava
554 1606 881 1662 conveniant
914 1607 1091 1677 plenis
1124 1608 1262 1662 haec
1297 1607 1443 1662 illius
1475 1607 1571 1662 illa
1626 1630 1630 1632 ·
1909 1619 2004 1658 1085

285 1679 555 1750 huiusque
591 1683 737 1739 inter
771 1699 846 1752 se,
883 1684 1138 1739 iunctura
1171 1683 1306 1738 haec
1341 1683 1551 1752 optima
1583 1685 1814 1738 constat.

286 1762 373 1814 est
410 1759 595 1828 etiam,
631 1760 795 1833 quasi
822 1763 887 1816 ut
921 1760 1113 1817 anellis
1148 1760 1437 1829 hamisque
1470 1760 1674 1831 plicata

287 1838 435 1891 inter
470 1853 531 1891 se
566 1837 837 1926 quaedam
870 1838 1086 1905 possint
1118 1837 1336 1907 coplata
1369 1839 1576 1902 teneri3

291 1914 439 2021 quod
477 1914 650 1981 magis
683 1914 741 1966 in
774 1913 961 1983 lapide
996 1912 1099 1966 hoc
1134 1913 1256 1966 fieri
1288 1912 1548 1982 ferroque
1583 1912 1816 1965 videtur.

364 1989 523 2042 Nunc
556 1988 699 2043 ratio
734 2005 874 2057 quae
910 1989 982 2042 sit
1014 1988 1224 2041 morbis
1259 1992 1357 2043 aut
1390 1988 1538 2041 unde
1573 1991 2024 2097 repentem
1911 1921 2040 2041 ιοοο

293 2065 630 2119 mortiferam
665 2065 842 2133 possit
874 2064 1086 2119 cladem
1122 2063 1360 2117 conflare
1393 2066 1583 2117 coorta
2056 2052 2120 2157 ἵ

294 2139 545 2195 morbida
581 2140 662 2194 vis
697 2141 977 2195 hominum
1009 2140 1200 2209 generi
1233 2140 1616 2210 pecudumque
1649 1994 2106 2215 cateff‘ffffiuq

294 2217 597 2287 expediam.
614 2218 867 2286 ,primum
902 2216 1200 2271 multarum
1236 2217 1444 2270 semina
1477 2232 1662 2270 rerum

298 2310 417 2348 csse
454 2310 619 2363 supra
653 2294 815 2349 docui
853 2308 995 2362 quae
1030 2292 1142 2347 sint
1176 2292 1366 2347 vitalia
1399 2292 1569 2347 nobis,

295 2373 355 2425 et
389 2375 581 2425 contra
614 2386 755 2439 quae
790 2370 902 2425 sint
936 2369 1127 2423 morbo
1161 2369 1438 2436 mortique
1471 2371 1750 2423 necessest
1912 2382 2008 2423 1000

298 2448 470 2501 multa
506 2448 700 2503 volare.
738 2463 805 2501 ea
838 2464 963 2501 cum
1000 2462 1129 2501 casu
1167 2449 1295 2500 sunt
1327 2445 1472 2500 forte
1506 2447 1694 2499 coorta

296 2527 355 2577 et
388 2523 786 2591 perturbarunt
819 2523 1045 2589 caelum,
1080 2524 1147 2577 fit
1182 2521 1466 2576 morbidus
1501 2537 1610 2576 aer.

297 2604 463 2670 atque
498 2617 564 2655 ea
597 2602 681 2655 vis
714 2600 889 2654 omnis
922 2599 1240 2655 morborum
1273 2599 1658 2669 pestilitasque

296 2682 393 2732 aut
426 2677 769 2733 extrinsecus
806 2680 866 2731 ut
901 2676 1073 2731 nubes
1108 2676 1449 2747 nebulaeque
1485 2691 1722 2744 superne

297 2770 396 2824 per
430 2755 638 2810 caelum
676 2755 918 2822 veniunt,
952 2758 1050 2809 aut
1083 2754 1204 2823 ipsa
1239 2770 1404 2823 saepe
1437 2756 1656 2807 coortae
1912 2767 2010 2806 1100

300 2831 369 2885 de
402 2834 553 2886 terra
589 2836 835 2900 surgunt,
872 2830 967 2885 ubi
1002 2835 1259 2901 putorem
1294 2829 1483 2883 umida
1515 2832 1731 2883 nactast

298 2908 697 2977 intempestivis
732 2908 1036 2978 pluviisque
1070 2910 1129 2962 et
1165 2907 1370 2961 solibus
1403 2906 1528 2960 icta

301 3001 476 3039 noune
510 2985 666 3040 vides
701 2986 871 3041 ctiam
906 2984 1040 3038 caeli
1075 2983 1319 3037 novitate
1355 2985 1415 3036 et
1448 2996 1712 3049 aquarum

301 3062 558 3131 temptari
594 3062 783 3132 procul
816 3078 851 3115 a
884 3062 1065 3133 patria
1100 3060 1431 3130 quicumque
1465 3057 1738 3125 domoque

304 3136 600 3193 adveniunt
628 3140 757 3195 ideo
794 3138 925 3207 quia
957 3137 1120 3205 longe
1158 3135 1518 3206 discrepitant
1549 3150 1640 3188 res
1654 3136 1675 3187 'i
1913 3144 2009 3186 1105

303 3229 427 3267 nam
463 3214 598 3285 quid
637 3215 913 3270 Brittanni
949 3214 1158 3270 caelum
1197 3211 1416 3267 differre
1450 3214 1722 3281 putatum,
