2259 3550
1019 127 1148 178 xx'

299 267 403 319 690
424 277 526 332 pro
555 268 780 311 SUBI'ns
811 258 1020 328 optime
1045 256 1373 326 Bernaysius
1395 257 1569 312 mbiic
1590 258 1659 313 εἰ.
1730 257 1903 314 Lach-

193 365 424 406 mannus
445 347 681 415 subiens,
703 349 764 400 et
785 362 1078 415 expressus
1099 362 1202 414 pro
1225 355 1556 400 OPPREssUS.

304 439 404 494 734
428 451 529 504 pro
553 446 825 487 CONTAGE
851 433 1229 488 Lachmannus
1250 433 1586 500 contaaibus.

303 525 402 580 '736
454 521 717 576 librorum
764 532 894 573 CUM
935 519 1189 576 defendit
1234 519 1631 576 Lachmannus.
1711 519 1905 588 scripsi

197 609 352 678 quod
372 625 496 662 cum
521 608 694 662 amico
719 606 901 662 Fabri.
970 607 1303 676 Bernaysius
1324 607 1434 660 cui.

304 698 406 752 738
451 710 554 764 pro
609 706 690 746 UT
727 705 962 753 QUIcUM
1009 694 1218 764 optime
1265 693 1597 762 Bernaysius
1642 693 1903 760 quidum.

207 781 582 836 Lachmannus
605 796 730 834 cum
756 779 1021 834 Lambino
1045 786 1111 836 ut
1134 781 1272 834 iam.

306 871 408 924 784
431 881 534 935 pro
567 877 638 918 IN
662 877 811 918 AL'ro
838 865 1219 923 Lachmannus
1255 866 1412 935 salec,
1438 865 1587 934 quod
1611 880 1648 919 v
1674 870 1790 933 129,
1813 864 1908 919 ubi

201 951 291 1005 hic
320 968 513 1006 versus
545 951 796 1019 iteratur,
818 950 1037 1019 legitur.
1109 951 1210 1006 sed
1244 952 1385 1006 tales
1422 952 1824 1020 discrepantiae
1852 950 1909 1004 in

204 1035 453 1091 versibus
477 1035 626 1104 apud
651 1035 966 1090 Lucretium
993 1037 1209 1091 iteratis
1231 1054 1341 1092 non
1364 1054 1489 1092 raro
1511 1038 1862 1092 inveniuntur

309 1124 599 1188 790-793,
624 1119 719 1189 qui
742 1119 830 1174 hic
854 1121 991 1174 etin
1015 1120 1158 1175 libro
1180 1137 1218 1175 v
1242 1123 1359 1176 sine
1384 1123 1496 1176 ulla
1518 1123 1743 1176 minima
1764 1122 1908 1177 codi-

204 1221 328 1258 cum
371 1205 742 1273 discrepantia
779 1205 1054 1273 leguntur,
1087 1207 1193 1260 nisi
1224 1208 1397 1276 fallor,
1430 1209 1676 1263 oratione
1717 1209 1911 1262 melius

205 1290 468 1345 distincta
503 1291 702 1344 sanavi.
773 1289 941 1346 verba
965 1299 1151 1360 posset
1186 1294 1343 1347 em'm
1370 1295 1547 1348 multo
1575 1294 1768 1362 princ,
1792 1295 1909 1364 qui-

205 1374 308 1430 bus
349 1376 688 1445 significatur
731 1376 746 1403 ‘
759 1393 887 1430 nam
933 1377 1036 1432 hoc
1077 1378 1225 1448 quod
1274 1379 1522 1434 dicturus
1570 1396 1689 1433 sum
1736 1380 1911 1433 multo

205 1463 430 1532 facilius,
457 1479 622 1532 quam
646 1462 786 1518 illud
808 1465 960 1533 quod
983 1465 1092 1518 iam
1117 1465 1249 1532 dixi,
1274 1465 1395 1520 fieri
1427 1466 1643 1534 posset',
1670 1483 1703 1518 a
1726 1469 1912 1519 cetera

208 1551 453 1602 oratione
476 1549 655 1602 curvis
678 1549 836 1604 lineis
861 1552 1122 1619 separavi.
1184 1551 1269 1605 ed.
1308 1552 1453 1604 Iunt.
1490 1552 1613 1605 Hoc
1646 1552 1704 1604 si
1734 1557 1915 1618 posset

207 1638 380 1702 enim,
409 1638 588 1690 multo
623 1640 726 1690 cet.
799 1636 1181 1692 Lachmannus
1216 1638 1377 1703 Quid
1408 1640 1463 1692 si
1492 1646 1673 1706 posset
1706 1639 1863 1692 enim
1880 1640 1911 1692 ?

207 1724 384 1779 multo
421 1725 524 1777 cet.
594 1721 832 1791 protasis
861 1738 992 1777 vero
1021 1723 1329 1779 sentcntiae
1352 1724 1410 1777 in
1432 1739 1564 1778 voce
1590 1729 1763 1792 parto
1796 1725 1913 1777 tan-

209 1808 339 1863 dem
363 1807 582 1861 desinit.

313 1902 410 1951 851
438 1894 564 1948 libri
587 1904 972 1949 REPETENTIA.
1040 1895 1419 1949 Lachmannus
1448 1894 1775 1949 retinentia.

317 1988 417 2041 862
453 1998 556 2051 pro
594 1992 877 2033 mSEREs'r
912 1985 1043 2037 ante
1082 1982 1489 2037 Lachmannum
1532 1982 1819 2036 Turnebus
1858 1986 1917 2037 et

214 2072 288 2125 Is.
312 2070 542 2123 Vossius
567 2068 772 2123 misere
797 2068 863 2121 si.

317 2162 419 2212 868
441 2171 543 2224 pro
567 2158 828 2223 corrupto
853 2153 1117 2207 librorum
1152 2165 1440 2206 ANNULLO
1472 2164 1714 2205 ANULLO
1750 2151 1919 2206 Lach-

213 2258 456 2308 mannus,
486 2240 742 2310 quoniam
781 2241 794 2266 ‘
807 2255 961 2293 anno
983 2238 1099 2293 ullo
1117 2239 1315 2305 suerit
1340 2255 1503 2307 quam
1526 2242 1677 2294 recte
1702 2238 1921 2293 dicatur

214 2328 468 2398 ignorat’,
511 2333 642 2381 ante
682 2326 796 2380 ullo
837 2325 1075 2396 scripsit.
1150 2325 1249 2379 sed
1286 2326 1523 2392 differre
1554 2324 1750 2391 suerit
1786 2323 1919 2376 mihi

115 2456 126 2467 .
215 2418 366 2470 certe
389 2430 496 2468 non
523 2412 783 2467 Latinum
807 2412 1044 2467 videtur.
1113 2411 1305 2479 itaque
1328 2410 1451 2463 isne
1473 2410 1588 2463 ullo
1614 2409 1757 2463 dedi.

321 2504 608 2553 904—908.
679 2497 766 2551 his
797 2496 1050 2551 versibus
1085 2494 1403 2563 apostrophi
1440 2494 1654 2563 signum
1690 2495 1924 2562 Bernay-

217 2586 330 2641 sius
354 2589 505 2641 recte
529 2585 797 2654 apposuit.

323 2677 423 2725 935
493 2670 620 2723 libri
647 2684 776 2725 rm’r
807 2683 925 2723 '1'1131
955 2684 1088 2723 vrrA
1113 2683 1415 2723 ammom.
1454 2684 1640 2723 vocem
1670 2674 1928 2722 anteacta

218 2758 541 2827 transposui.
613 2756 992 2811 Lachmannus
1014 2758 1150 2812 haec
1172 2762 1298 2826 post
1306 2758 1438 2824 fuit
1460 2757 1686 2811 infulsit.

325 2850 426 2900 962
494 2859 594 2913 pro
642 2858 918 2898 sensnum
959 2858 1175 2898 MAGNIS
1212 2843 1403 2911 scripsi
1443 2844 1687 2911 aqedum
1724 2843 1931 2896 Imma·

221 2934 330 2991 nis.
373 2931 748 2987 Lachmannus
787 2931 1030 2999 aqedum
1068 2930 1283 2999 diqnia
1318 2929 1646 2997 Bernaysius
1686 2930 1929 2997 ayedum

218 3019 422 3088 quatis.

331 3110 461 3160 1005
531 3120 634 3174 pro
681 3118 892 3157 cmcmu
938 3101 1317 3155 Lachmannus
1353 3100 1471 3155 sine
1504 3114 1669 3153 causa
1703 3100 1933 3170 victum,

224 3190 376 3260 quod
397 3206 520 3245 cum
543 3186 1006 3259 praecedentibus
1029 3185 1325 3253 coniungit.
