<?xml version="1.0" encoding="UTF-8"?>
<!DOCTYPE html PUBLIC "-//W3C//DTD XHTML 1.0 Transitional//EN"
    "http://www.w3.org/TR/xhtml1/DTD/xhtml1-transitional.dtd">
<html xmlns="http://www.w3.org/1999/xhtml" xml:lang="en" lang="en">
 <head>
  <title>
</title>
<meta http-equiv="Content-Type" content="text/html;charset=utf-8" />
  <meta name='ocr-system' content='tesseract 3.04.00' />
  <meta name='ocr-capabilities' content='ocr_page ocr_carea ocr_par ocr_line ocrx_word'/>
</head>
<body>
  <div class='ocr_page' id='page_1' title='image "./tlucreticarider09munrgoog_0235.png"; bbox 0 0 2259 3550; ppageno 0'>
   <div class='ocr_carea' id='block_1_1' title="bbox 1114 109 2014 176">
    <p class='ocr_par' dir='ltr' id='par_1_1' title="bbox 1114 109 2014 176">
     <span class='ocr_line' id='line_1_1' title="bbox 1114 109 2014 176; baseline 0.012 -11"><span class='ocrx_word' id='word_1_1' title='bbox 1114 109 1217 166; x_wconf 89' lang='lat' dir='ltr'><strong>VI</strong></span> <span class='ocrx_word' id='word_1_2' title='bbox 1903 118 2014 176; x_wconf 89' lang='grc'><strong>189</strong></span> 
     </span>
    </p>
   </div>
   <div class='ocr_carea' id='block_1_2' title="bbox 198 210 2016 1777">
    <p class='ocr_par' dir='ltr' id='par_1_2' title="bbox 198 210 2016 1731">
     <span class='ocr_line' id='line_1_2' title="bbox 306 210 1652 280; baseline 0.003 -16"><span class='ocrx_word' id='word_1_3' title='bbox 306 211 525 266; x_wconf 86' lang='lat' dir='ltr'><strong>volvere</strong></span> <span class='ocrx_word' id='word_1_4' title='bbox 561 210 617 264; x_wconf 90' lang='lat' dir='ltr'><strong>in</strong></span> <span class='ocrx_word' id='word_1_5' title='bbox 654 227 749 266; x_wconf 87' lang='grc'><strong>016</strong></span> <span class='ocrx_word' id='word_1_6' title='bbox 784 211 950 266; x_wconf 84' lang='lat' dir='ltr'><strong>licere</strong></span> <span class='ocrx_word' id='word_1_7' title='bbox 984 215 1046 266; x_wconf 88' lang='lat' dir='ltr'><strong>et</strong></span> <span class='ocrx_word' id='word_1_8' title='bbox 1080 211 1218 266; x_wconf 86' lang='lat' dir='ltr'><strong>caeli</strong></span> <span class='ocrx_word' id='word_1_9' title='bbox 1253 211 1462 280; x_wconf 87' lang='lat' dir='ltr'><strong>templa</strong></span> <span class='ocrx_word' id='word_1_10' title='bbox 1495 213 1652 277; x_wconf 86' lang='lat' dir='ltr'><strong>tucri,</strong></span> 
     </span>
     <span class='ocr_line' id='line_1_3' title="bbox 305 285 1531 356; baseline 0.003 -17"><span class='ocrx_word' id='word_1_11' title='bbox 305 285 409 340; x_wconf 87' lang='lat' dir='ltr'><strong>hoc</strong></span> <span class='ocrx_word' id='word_1_12' title='bbox 442 286 561 341; x_wconf 87' lang='lat' dir='ltr'><strong>aliis</strong></span> <span class='ocrx_word' id='word_1_13' title='bbox 596 290 717 341; x_wconf 85' lang='lat' dir='ltr'><strong>erat</strong></span> <span class='ocrx_word' id='word_1_14' title='bbox 754 285 925 341; x_wconf 83' lang='lat' dir='ltr'><strong>exitio</strong></span> <span class='ocrx_word' id='word_1_15' title='bbox 960 286 1245 356; x_wconf 89' lang='lat' dir='ltr'><strong>letumque</strong></span> <span class='ocrx_word' id='word_1_16' title='bbox 1280 287 1531 356; x_wconf 87' lang='lat' dir='ltr'><strong>parabat.</strong></span> 
     </span>
     <span class='ocr_line' id='line_1_4' title="bbox 198 362 1820 432; baseline 0.007 -21"><span class='ocrx_word' id='word_1_17' title='bbox 198 373 289 411; x_wconf 76' lang='lat' dir='ltr'><strong>mo</strong></span> <span class='ocrx_word' id='word_1_18' title='bbox 303 362 439 417; x_wconf 86' lang='lat' dir='ltr'><strong>illud</strong></span> <span class='ocrx_word' id='word_1_19' title='bbox 473 364 529 416; x_wconf 86' lang='lat' dir='ltr'><strong>in</strong></span> <span class='ocrx_word' id='word_1_20' title='bbox 564 362 648 417; x_wconf 92' lang='lat' dir='ltr'><strong>his</strong></span> <span class='ocrx_word' id='word_1_21' title='bbox 683 363 849 418; x_wconf 85' lang='lat' dir='ltr'><strong>rebus</strong></span> <span class='ocrx_word' id='word_1_22' title='bbox 883 362 1253 417; x_wconf 85' lang='lat' dir='ltr'><strong>miserandum</strong></span> <span class='ocrx_word' id='word_1_23' title='bbox 1287 380 1618 432; x_wconf 79' lang='lat' dir='ltr'>magnopere</span> <span class='ocrx_word' id='word_1_24' title='bbox 1652 382 1820 423; x_wconf 88' lang='lat' dir='ltr'><strong>unum</strong></span> 
     </span>
     <span class='ocr_line' id='line_1_5' title="bbox 302 437 2016 508; baseline 0.004 -14"><span class='ocrx_word' id='word_1_25' title='bbox 302 439 675 495; x_wconf 79' lang='lat' dir='ltr'><strong>aerumnabile</strong></span> <span class='ocrx_word' id='word_1_26' title='bbox 707 442 845 506; x_wconf 86' lang='lat' dir='ltr'><strong>erat,</strong></span> <span class='ocrx_word' id='word_1_27' title='bbox 882 439 1031 508; x_wconf 83' lang='lat' dir='ltr'><strong>quod</strong></span> <span class='ocrx_word' id='word_1_28' title='bbox 1064 437 1160 492; x_wconf 90' lang='lat' dir='ltr'><strong>ubi</strong></span> <span class='ocrx_word' id='word_1_29' title='bbox 1196 455 1256 493; x_wconf 87' lang='lat' dir='ltr'><strong>se</strong></span> <span class='ocrx_word' id='word_1_30' title='bbox 1291 439 1522 508; x_wconf 85' lang='lat' dir='ltr'><strong>quisque</strong></span> <span class='ocrx_word' id='word_1_31' title='bbox 1559 441 1782 499; x_wconf 86' lang='lat' dir='ltr'><strong>videbat</strong></span> <span class='ocrx_word' id='word_1_32' title='bbox 1918 459 2016 499; x_wconf 81' lang='lat'>12³0</span> 
     </span>
     <span class='ocr_line' id='line_1_6' title="bbox 299 514 1700 586; baseline 0.001 -16"><span class='ocrx_word' id='word_1_33' title='bbox 299 516 629 586; x_wconf 88' lang='lat' dir='ltr'><strong>implicitum</strong></span> <span class='ocrx_word' id='word_1_34' title='bbox 662 514 870 583; x_wconf 89' lang='lat' dir='ltr'><strong>morb0‚</strong></span> <span class='ocrx_word' id='word_1_35' title='bbox 904 514 1070 569; x_wconf 87' lang='lat' dir='ltr'><strong>morti</strong></span> <span class='ocrx_word' id='word_1_36' title='bbox 1104 514 1398 570; x_wconf 87' lang='lat' dir='ltr'><strong>damnatus</strong></span> <span class='ocrx_word' id='word_1_37' title='bbox 1431 519 1500 571; x_wconf 86' lang='lat' dir='ltr'><strong>ut</strong></span> <span class='ocrx_word' id='word_1_38' title='bbox 1535 519 1700 586; x_wconf 87' lang='lat' dir='ltr'><strong>esset,</strong></span> 
     </span>
     <span class='ocr_line' id='line_1_7' title="bbox 302 592 1757 662; baseline -0.001 -14"><span class='ocrx_word' id='word_1_39' title='bbox 302 592 563 648; x_wconf 86' lang='lat' dir='ltr'><strong>deficiens</strong></span> <span class='ocrx_word' id='word_1_40' title='bbox 598 593 780 646; x_wconf 88' lang='lat' dir='ltr'><strong>animo</strong></span> <span class='ocrx_word' id='word_1_41' title='bbox 814 595 1026 646; x_wconf 83' lang='lat' dir='ltr'><strong>maesto</strong></span> <span class='ocrx_word' id='word_1_42' title='bbox 1061 609 1186 647; x_wconf 86' lang='lat' dir='ltr'><strong>cum</strong></span> <span class='ocrx_word' id='word_1_43' title='bbox 1221 592 1387 648; x_wconf 85' lang='lat' dir='ltr'><strong>corde</strong></span> <span class='ocrx_word' id='word_1_44' title='bbox 1421 592 1652 662; x_wconf 82' lang='lat' dir='ltr'><strong>iaccbat,</strong></span> <span class='ocrx_word' id='word_1_45' title='bbox 1752 599 1757 603; x_wconf 82' lang='lat'>&#39;</span> 
     </span>
     <span class='ocr_line' id='line_1_8' title="bbox 300 667 1707 738; baseline 0.001 -15"><span class='ocrx_word' id='word_1_46' title='bbox 300 669 493 723; x_wconf 87' lang='lat' dir='ltr'><strong>funera</strong></span> <span class='ocrx_word' id='word_1_47' title='bbox 528 671 845 738; x_wconf 78' lang='lat' dir='ltr'><strong>respectans</strong></span> <span class='ocrx_word' id='word_1_48' title='bbox 880 670 1117 722; x_wconf 89' lang='lat' dir='ltr'><strong>animam</strong></span> <span class='ocrx_word' id='word_1_49' title='bbox 1153 667 1450 723; x_wconf 90' lang='lat' dir='ltr'><strong>amittebat</strong></span> <span class='ocrx_word' id='word_1_50' title='bbox 1482 667 1707 725; x_wconf 88' lang='lat' dir='ltr'><strong>ibidem.</strong></span> 
     </span>
     <span class='ocr_line' id='line_1_9' title="bbox 200 745 1618 813; baseline -0.002 -10"><span class='ocrx_word' id='word_1_51' title='bbox 200 766 289 803; x_wconf 70' lang='lat' dir='ltr'><strong>uns</strong></span> <span class='ocrx_word' id='word_1_52' title='bbox 372 745 699 800; x_wconf 86' lang='lat' dir='ltr'><strong>Incomitata</strong></span> <span class='ocrx_word' id='word_1_53' title='bbox 732 745 853 813; x_wconf 86' lang='lat' dir='ltr'><strong>rapi</strong></span> <span class='ocrx_word' id='word_1_54' title='bbox 886 745 1172 800; x_wconf 76' lang='lat' dir='ltr'><strong>certabant</strong></span> <span class='ocrx_word' id='word_1_55' title='bbox 1204 745 1396 798; x_wconf 82' lang='lat' dir='ltr'><strong>fimera</strong></span> <span class='ocrx_word' id='word_1_56' title='bbox 1431 749 1618 811; x_wconf 85' lang='lat' dir='ltr'><strong>vasta;</strong></span> 
     </span>
     <span class='ocr_line' id='line_1_10' title="bbox 199 821 2011 892; baseline 0.003 -18"><span class='ocrx_word' id='word_1_57' title='bbox 199 846 288 882; x_wconf 65' lang='lat' dir='ltr'><strong>ms</strong></span> <span class='ocrx_word' id='word_1_58' title='bbox 301 821 505 891; x_wconf 89' lang='lat' dir='ltr'><strong>quippe</strong></span> <span class='ocrx_word' id='word_1_59' title='bbox 540 821 743 875; x_wconf 80' lang='lat' dir='ltr'><strong>etenim</strong></span> <span class='ocrx_word' id='word_1_60' title='bbox 781 821 929 875; x_wconf 88' lang='lat' dir='ltr'><strong>nullo</strong></span> <span class='ocrx_word' id='word_1_61' title='bbox 965 821 1254 876; x_wconf 84' lang='lat' dir='ltr'><strong>cessabant</strong></span> <span class='ocrx_word' id='word_1_62' title='bbox 1289 825 1540 890; x_wconf 87' lang='lat' dir='ltr'><strong>tempore</strong></span> <span class='ocrx_word' id='word_1_63' title='bbox 1573 822 1744 892; x_wconf 82' lang='lat' dir='ltr'><strong>apisci</strong></span> <span class='ocrx_word' id='word_1_64' title='bbox 1915 839 2011 880; x_wconf 79' lang='lat'>1235</span> 
     </span>
     <span class='ocr_line' id='line_1_11' title="bbox 301 897 1390 965; baseline -0.002 -13"><span class='ocrx_word' id='word_1_65' title='bbox 301 914 372 952; x_wconf 85' lang='lat' dir='ltr'><strong>ex</strong></span> <span class='ocrx_word' id='word_1_66' title='bbox 407 897 528 951; x_wconf 91' lang='lat' dir='ltr'><strong>aliis</strong></span> <span class='ocrx_word' id='word_1_67' title='bbox 562 897 697 951; x_wconf 90' lang='lat' dir='ltr'><strong>alios</strong></span> <span class='ocrx_word' id='word_1_68' title='bbox 731 897 877 950; x_wconf 82' lang='lat' dir='ltr'><strong>avidi</strong></span> <span class='ocrx_word' id='word_1_69' title='bbox 912 898 1166 965; x_wconf 86' lang='lat' dir='ltr'><strong>contagia</strong></span> <span class='ocrx_word' id='word_1_70' title='bbox 1198 897 1390 965; x_wconf 87' lang='lat' dir='ltr'><strong>morbi,</strong></span> 
     </span>
     <span class='ocr_line' id='line_1_12' title="bbox 199 973 1715 1043; baseline 0.002 -16"><span class='ocrx_word' id='word_1_71' title='bbox 199 985 287 1020; x_wconf 72' lang='lat' dir='ltr'><strong>ms</strong></span> <span class='ocrx_word' id='word_1_72' title='bbox 300 973 569 1042; x_wconf 84' lang='lat' dir='ltr'><strong>lanigeras</strong></span> <span class='ocrx_word' id='word_1_73' title='bbox 603 977 885 1042; x_wconf 85' lang='lat' dir='ltr'><strong>tamquam</strong></span> <span class='ocrx_word' id='word_1_74' title='bbox 917 973 1159 1043; x_wconf 84' lang='lat' dir='ltr'><strong>pecudes</strong></span> <span class='ocrx_word' id='word_1_75' title='bbox 1193 977 1254 1028; x_wconf 89' lang='lat' dir='ltr'><strong>et</strong></span> <span class='ocrx_word' id='word_1_76' title='bbox 1286 973 1492 1029; x_wconf 86' lang='lat' dir='ltr'><strong>bucera</strong></span> <span class='ocrx_word' id='word_1_77' title='bbox 1523 976 1715 1030; x_wconf 88' lang='lat' dir='ltr'><strong>saecla.</strong></span> 
     </span>
     <span class='ocr_line' id='line_1_13' title="bbox 199 1048 1692 1118; baseline 0.005 -17"><span class='ocrx_word' id='word_1_78' title='bbox 199 1068 287 1103; x_wconf 74' lang='lat'><strong>18³⁷</strong></span> <span class='ocrx_word' id='word_1_79' title='bbox 299 1048 468 1118; x_wconf 85' lang='lat' dir='ltr'><strong>idque</strong></span> <span class='ocrx_word' id='word_1_80' title='bbox 504 1050 590 1104; x_wconf 84' lang='lat' dir='ltr'><strong>vel</strong></span> <span class='ocrx_word' id='word_1_81' title='bbox 625 1050 680 1104; x_wconf 90' lang='lat' dir='ltr'><strong>in</strong></span> <span class='ocrx_word' id='word_1_82' title='bbox 714 1049 908 1118; x_wconf 87' lang='lat' dir='ltr'><strong>primis</strong></span> <span class='ocrx_word' id='word_1_83' title='bbox 942 1049 1256 1104; x_wconf 76' lang='lat' dir='ltr'><strong>cumulabat</strong></span> <span class='ocrx_word' id='word_1_84' title='bbox 1290 1049 1484 1107; x_wconf 80' lang='lat' dir='ltr'><strong>funere</strong></span> <span class='ocrx_word' id='word_1_85' title='bbox 1515 1051 1692 1108; x_wconf 81' lang='lat' dir='ltr'><strong>funus.</strong></span> 
     </span>
     <span class='ocr_line' id='line_1_14' title="bbox 300 1125 1870 1197; baseline 0.003 -18"><span class='ocrx_word' id='word_1_86' title='bbox 300 1141 427 1180; x_wconf 88' lang='lat' dir='ltr'><strong>nam</strong></span> <span class='ocrx_word' id='word_1_87' title='bbox 465 1125 796 1196; x_wconf 85' lang='lat' dir='ltr'><strong>quicumque</strong></span> <span class='ocrx_word' id='word_1_88' title='bbox 832 1142 959 1180; x_wconf 90' lang='lat' dir='ltr'><strong>suos</strong></span> <span class='ocrx_word' id='word_1_89' title='bbox 995 1125 1310 1194; x_wconf 82' lang='lat' dir='ltr'><strong>fugitabant</strong></span> <span class='ocrx_word' id='word_1_90' title='bbox 1345 1127 1519 1181; x_wconf 86' lang='lat' dir='ltr'><strong>visere</strong></span> <span class='ocrx_word' id='word_1_91' title='bbox 1553 1126 1628 1183; x_wconf 86' lang='lat' dir='ltr'><strong>ad</strong></span> <span class='ocrx_word' id='word_1_92' title='bbox 1661 1143 1870 1197; x_wconf 62' lang='lat' dir='ltr'><strong>aegri-08,</strong></span> 
     </span>
     <span class='ocr_line' id='line_1_15' title="bbox 300 1203 2009 1272; baseline 0.003 -16"><span class='ocrx_word' id='word_1_93' title='bbox 300 1203 430 1256; x_wconf 83' lang='lat' dir='ltr'><strong>vitai</strong></span> <span class='ocrx_word' id='word_1_94' title='bbox 466 1203 689 1256; x_wconf 90' lang='lat' dir='ltr'><strong>nimium</strong></span> <span class='ocrx_word' id='word_1_95' title='bbox 724 1203 952 1272; x_wconf 86' lang='lat' dir='ltr'><strong>cupidos</strong></span> <span class='ocrx_word' id='word_1_96' title='bbox 984 1203 1286 1272; x_wconf 84' lang='lat' dir='ltr'><strong>mortisque</strong></span> <span class='ocrx_word' id='word_1_97' title='bbox 1320 1203 1566 1258; x_wconf 86' lang='lat' dir='ltr'><strong>timentis</strong></span> <span class='ocrx_word' id='word_1_98' title='bbox 1912 1221 2009 1261; x_wconf 76' lang='grc'><strong>1210</strong></span> 
     </span>
     <span class='ocr_line' id='line_1_16' title="bbox 202 1278 1622 1349; baseline 0.001 -17"><span class='ocrx_word' id='word_1_99' title='bbox 202 1287 286 1322; x_wconf 71' lang='lat'><strong>¹⁵⁴⁰</strong></span> <span class='ocrx_word' id='word_1_100' title='bbox 299 1278 561 1349; x_wconf 80' lang='lat' dir='ltr'><strong>poenibat</strong></span> <span class='ocrx_word' id='word_1_101' title='bbox 597 1280 761 1349; x_wconf 86' lang='lat' dir='ltr'><strong>paulo</strong></span> <span class='ocrx_word' id='word_1_102' title='bbox 796 1282 922 1348; x_wconf 88' lang='lat' dir='ltr'><strong>post</strong></span> <span class='ocrx_word' id='word_1_103' title='bbox 957 1279 1106 1347; x_wconf 86' lang='lat' dir='ltr'><strong>turpi</strong></span> <span class='ocrx_word' id='word_1_104' title='bbox 1141 1282 1320 1333; x_wconf 88' lang='lat' dir='ltr'><strong>morte</strong></span> <span class='ocrx_word' id='word_1_105' title='bbox 1354 1279 1622 1348; x_wconf 84' lang='lat' dir='ltr'><strong>malaque,</strong></span> 
     </span>
     <span class='ocr_line' id='line_1_17' title="bbox 301 1355 1552 1425; baseline 0.001 -17"><span class='ocrx_word' id='word_1_106' title='bbox 301 1357 565 1424; x_wconf 86' lang='lat' dir='ltr'><strong>desertos,</strong></span> <span class='ocrx_word' id='word_1_107' title='bbox 603 1356 723 1425; x_wconf 88' lang='lat' dir='ltr'><strong>opis</strong></span> <span class='ocrx_word' id='word_1_108' title='bbox 759 1355 1015 1425; x_wconf 85' lang='lat' dir='ltr'><strong>expertis,</strong></span> <span class='ocrx_word' id='word_1_109' title='bbox 1051 1356 1258 1408; x_wconf 85' lang='lat' dir='ltr'><strong>incuria</strong></span> <span class='ocrx_word' id='word_1_110' title='bbox 1293 1358 1552 1410; x_wconf 82' lang='lat' dir='ltr'><strong>mactans.</strong></span> 
     </span>
     <span class='ocr_line' id='line_1_18' title="bbox 299 1430 1683 1501; baseline 0 -15"><span class='ocrx_word' id='word_1_111' title='bbox 299 1432 396 1501; x_wconf 90' lang='lat' dir='ltr'><strong>qui</strong></span> <span class='ocrx_word' id='word_1_112' title='bbox 430 1432 649 1486; x_wconf 85' lang='lat' dir='ltr'><strong>fuerant</strong></span> <span class='ocrx_word' id='word_1_113' title='bbox 682 1433 867 1485; x_wconf 89' lang='lat' dir='ltr'><strong>autem</strong></span> <span class='ocrx_word' id='word_1_114' title='bbox 903 1435 1138 1499; x_wconf 82' lang='lat' dir='ltr'><strong>praestO,</strong></span> <span class='ocrx_word' id='word_1_115' title='bbox 1175 1430 1495 1500; x_wconf 82' lang='lat' dir='ltr'><strong>contagibus</strong></span> <span class='ocrx_word' id='word_1_116' title='bbox 1527 1430 1683 1486; x_wconf 87' lang='lat' dir='ltr'><strong>ibant</strong></span> 
     </span>
     <span class='ocr_line' id='line_1_19' title="bbox 300 1506 1734 1577; baseline 0.002 -16"><span class='ocrx_word' id='word_1_117' title='bbox 300 1510 470 1576; x_wconf 88' lang='lat' dir='ltr'><strong>atque</strong></span> <span class='ocrx_word' id='word_1_118' title='bbox 505 1507 708 1575; x_wconf 85' lang='lat' dir='ltr'><strong>labore,</strong></span> <span class='ocrx_word' id='word_1_119' title='bbox 742 1507 923 1577; x_wconf 84' lang='lat' dir='ltr'><strong>pudor</strong></span> <span class='ocrx_word' id='word_1_120' title='bbox 958 1523 1121 1574; x_wconf 90' lang='lat' dir='ltr'><strong>quem</strong></span> <span class='ocrx_word' id='word_1_121' title='bbox 1158 1511 1278 1561; x_wconf 90' lang='lat' dir='ltr'><strong>tum</strong></span> <span class='ocrx_word' id='word_1_122' title='bbox 1313 1506 1546 1576; x_wconf 87' lang='lat' dir='ltr'><strong>cogebat</strong></span> <span class='ocrx_word' id='word_1_123' title='bbox 1580 1507 1734 1564; x_wconf 84' lang='lat' dir='ltr'><strong>obire</strong></span> 
     </span>
     <span class='ocr_line' id='line_1_20' title="bbox 298 1582 2004 1653; baseline 0.004 -18"><span class='ocrx_word' id='word_1_124' title='bbox 298 1582 607 1653; x_wconf 80' lang='lat' dir='ltr'><strong>blandaque</strong></span> <span class='ocrx_word' id='word_1_125' title='bbox 639 1583 906 1638; x_wconf 84' lang='lat' dir='ltr'><strong>lassorum</strong></span> <span class='ocrx_word' id='word_1_126' title='bbox 940 1598 1045 1636; x_wconf 82' lang='lat' dir='ltr'><strong>vox</strong></span> <span class='ocrx_word' id='word_1_127' title='bbox 1081 1582 1256 1637; x_wconf 80' lang='lat' dir='ltr'><strong>mixta</strong></span> <span class='ocrx_word' id='word_1_128' title='bbox 1291 1599 1420 1638; x_wconf 84' lang='lat' dir='ltr'><strong>voce</strong></span> <span class='ocrx_word' id='word_1_129' title='bbox 1456 1584 1745 1651; x_wconf 84' lang='lat' dir='ltr'><strong>querellae.</strong></span> <span class='ocrx_word' id='word_1_130' title='bbox 1909 1599 2004 1642; x_wconf 80' lang='lat'>1245</span> 
     </span>
     <span class='ocr_line' id='line_1_21' title="bbox 200 1658 1728 1777; baseline 0.003 -67"><span class='ocrx_word' id='word_1_131' title='bbox 200 1673 289 1710; x_wconf 75' lang='lat' dir='ltr'><strong>mc</strong></span> <span class='ocrx_word' id='word_1_132' title='bbox 299 1660 541 1731; x_wconf 81' lang='lat' dir='ltr'><strong>optimus</strong></span> <span class='ocrx_word' id='word_1_133' title='bbox 573 1659 677 1724; x_wconf 82' lang='lat' dir='ltr'><strong>hoc</strong></span> <span class='ocrx_word' id='word_1_134' title='bbox 712 1659 811 1714; x_wconf 90' lang='lat' dir='ltr'><strong>leti</strong></span> <span class='ocrx_word' id='word_1_135' title='bbox 845 1675 1019 1727; x_wconf 85' lang='lat' dir='ltr'><strong>genus</strong></span> <span class='ocrx_word' id='word_1_136' title='bbox 1054 1675 1188 1728; x_wconf 84' lang='lat' dir='ltr'><strong>ergo</strong></span> <span class='ocrx_word' id='word_1_137' title='bbox 1223 1658 1465 1777; x_wconf 83' lang='lat' dir='ltr'><strong>quisque</strong></span> <span class='ocrx_word' id='word_1_138' title='bbox 1494 1659 1728 1766; x_wconf 81' lang='lat' dir='ltr'><strong>subibat.</strong></span> 
     </span>
    </p>
   </div>
   <div class='ocr_carea' id='block_1_3' title="bbox 260 1767 2003 3257">
    <p class='ocr_par' dir='ltr' id='par_1_3' title="bbox 260 1767 2003 3257">
     <span class='ocr_line' id='line_1_22' title="bbox 295 1767 1648 1883; baseline 0.001 -16"><span class='ocrx_word' id='word_1_139' title='bbox 295 1779 466 1882; x_wconf 82' lang='lat' dir='ltr'><strong>inque</strong></span> <span class='ocrx_word' id='word_1_140' title='bbox 494 1813 615 1869; x_wconf 84' lang='lat' dir='ltr'><strong>aliis</strong></span> <span class='ocrx_word' id='word_1_141' title='bbox 649 1779 830 1881; x_wconf 86' lang='lat' dir='ltr'><strong>alium,</strong></span> <span class='ocrx_word' id='word_1_142' title='bbox 866 1814 1124 1883; x_wconf 89' lang='lat' dir='ltr'><strong>populum</strong></span> <span class='ocrx_word' id='word_1_143' title='bbox 1163 1767 1393 1883; x_wconf 80' lang='lat' dir='ltr'><strong>sepelire</strong></span> <span class='ocrx_word' id='word_1_144' title='bbox 1428 1779 1648 1869; x_wconf 81' lang='lat' dir='ltr'><strong>suorum</strong></span> 
     </span>
     <span class='ocr_line' id='line_1_23' title="bbox 296 1881 1650 1957; baseline 0.002 -14"><span class='ocrx_word' id='word_1_145' title='bbox 296 1893 600 1945; x_wconf 82' lang='lat' dir='ltr'><strong>certantes.</strong></span> <span class='ocrx_word' id='word_1_146' title='bbox 636 1890 874 1944; x_wconf 85' lang='lat' dir='ltr'><strong>lacrimis</strong></span> <span class='ocrx_word' id='word_1_147' title='bbox 907 1890 1035 1943; x_wconf 85' lang='lat' dir='ltr'><strong>lassi</strong></span> <span class='ocrx_word' id='word_1_148' title='bbox 1069 1890 1328 1957; x_wconf 84' lang='lat' dir='ltr'><strong>luctuque</strong></span> <span class='ocrx_word' id='word_1_149' title='bbox 1364 1881 1650 1957; x_wconf 79' lang='lat' dir='ltr'><strong>redibant3</strong></span> 
     </span>
     <span class='ocr_line' id='line_1_24' title="bbox 296 1964 1846 2053; baseline 0.003 -36"><span class='ocrx_word' id='word_1_150' title='bbox 296 1964 427 2019; x_wconf 88' lang='lat' dir='ltr'><strong>inde</strong></span> <span class='ocrx_word' id='word_1_151' title='bbox 461 1964 661 2018; x_wconf 90' lang='lat' dir='ltr'><strong>bonam</strong></span> <span class='ocrx_word' id='word_1_152' title='bbox 694 1967 911 2053; x_wconf 80' lang='lat' dir='ltr'><strong>partem</strong></span> <span class='ocrx_word' id='word_1_153' title='bbox 946 1965 1005 2018; x_wconf 93' lang='lat' dir='ltr'><strong>in</strong></span> <span class='ocrx_word' id='word_1_154' title='bbox 1039 1964 1241 2019; x_wconf 88' lang='lat' dir='ltr'><strong>lectum</strong></span> <span class='ocrx_word' id='word_1_155' title='bbox 1276 1982 1524 2020; x_wconf 85' lang='lat' dir='ltr'><strong>maerore</strong></span> <span class='ocrx_word' id='word_1_156' title='bbox 1560 1966 1846 2023; x_wconf 84' lang='lat' dir='ltr'><strong>dabantur.</strong></span> 
     </span>
     <span class='ocr_line' id='line_1_25' title="bbox 297 2034 2003 2113; baseline 0.002 -20"><span class='ocrx_word' id='word_1_157' title='bbox 297 2056 397 2094; x_wconf 87' lang='lat' dir='ltr'><strong>nec</strong></span> <span class='ocrx_word' id='word_1_158' title='bbox 411 2044 631 2110; x_wconf 87' lang='lat' dir='ltr'><strong>poterat</strong></span> <span class='ocrx_word' id='word_1_159' title='bbox 649 2034 937 2109; x_wconf 80' lang='lat' dir='ltr'><strong>quisquam</strong></span> <span class='ocrx_word' id='word_1_160' title='bbox 957 2042 1204 2110; x_wconf 84' lang='lat' dir='ltr'><strong>reperiri,</strong></span> <span class='ocrx_word' id='word_1_161' title='bbox 1221 2059 1387 2111; x_wconf 90' lang='lat' dir='ltr'><strong>quem</strong></span> <span class='ocrx_word' id='word_1_162' title='bbox 1406 2058 1585 2113; x_wconf 89' lang='lat' dir='ltr'><strong>neque</strong></span> <span class='ocrx_word' id='word_1_163' title='bbox 1602 2043 1826 2098; x_wconf 86' lang='lat' dir='ltr'><strong>morbus</strong></span> <span class='ocrx_word' id='word_1_164' title='bbox 1906 2058 2003 2099; x_wconf 80' lang='lat'>1250</span> 
     </span>
     <span class='ocr_line' id='line_1_26' title="bbox 297 2116 1688 2186; baseline 0.002 -16"><span class='ocrx_word' id='word_1_165' title='bbox 297 2132 400 2171; x_wconf 85' lang='lat' dir='ltr'><strong>nec</strong></span> <span class='ocrx_word' id='word_1_166' title='bbox 433 2132 579 2170; x_wconf 89' lang='lat' dir='ltr'><strong>mors</strong></span> <span class='ocrx_word' id='word_1_167' title='bbox 612 2133 712 2171; x_wconf 90' lang='lat' dir='ltr'><strong>nec</strong></span> <span class='ocrx_word' id='word_1_168' title='bbox 745 2116 924 2170; x_wconf 87' lang='lat' dir='ltr'><strong>luctus</strong></span> <span class='ocrx_word' id='word_1_169' title='bbox 958 2119 1260 2184; x_wconf 86' lang='lat' dir='ltr'><strong>temptaret</strong></span> <span class='ocrx_word' id='word_1_170' title='bbox 1295 2122 1543 2186; x_wconf 85' lang='lat' dir='ltr'><strong>tempore</strong></span> <span class='ocrx_word' id='word_1_171' title='bbox 1578 2119 1688 2173; x_wconf 88' lang='lat' dir='ltr'><strong>tali.</strong></span> 
     </span>
     <span class='ocr_line' id='line_1_27' title="bbox 370 2191 1734 2261; baseline 0.003 -16"><span class='ocrx_word' id='word_1_172' title='bbox 370 2191 667 2247; x_wconf 85' lang='lat' dir='ltr'><strong>Praeterea</strong></span> <span class='ocrx_word' id='word_1_173' title='bbox 699 2192 807 2246; x_wconf 87' lang='lat' dir='ltr'><strong>iam</strong></span> <span class='ocrx_word' id='word_1_174' title='bbox 843 2194 1032 2261; x_wconf 84' lang='lat' dir='ltr'><strong>pastor</strong></span> <span class='ocrx_word' id='word_1_175' title='bbox 1067 2197 1128 2247; x_wconf 88' lang='lat' dir='ltr'><strong>et</strong></span> <span class='ocrx_word' id='word_1_176' title='bbox 1163 2194 1525 2255; x_wconf 83' lang='lat' dir='ltr'><strong>armentarius</strong></span> <span class='ocrx_word' id='word_1_177' title='bbox 1559 2196 1734 2249; x_wconf 84' lang='lat' dir='ltr'><strong>omnis</strong></span> 
     </span>
     <span class='ocr_line' id='line_1_28' title="bbox 298 2268 1560 2325; baseline 0.001 -2"><span class='ocrx_word' id='word_1_178' title='bbox 298 2271 359 2323; x_wconf 82' lang='lat' dir='ltr'><strong>et</strong></span> <span class='ocrx_word' id='word_1_179' title='bbox 392 2268 649 2323; x_wconf 89' lang='lat' dir='ltr'><strong>robustus</strong></span> <span class='ocrx_word' id='word_1_180' title='bbox 683 2269 817 2323; x_wconf 89' lang='lat' dir='ltr'><strong>item</strong></span> <span class='ocrx_word' id='word_1_181' title='bbox 853 2268 1002 2322; x_wconf 82' lang='lat' dir='ltr'><strong>curvi</strong></span> <span class='ocrx_word' id='word_1_182' title='bbox 1038 2270 1356 2323; x_wconf 85' lang='lat' dir='ltr'><strong>moderator</strong></span> <span class='ocrx_word' id='word_1_183' title='bbox 1390 2271 1560 2325; x_wconf 88' lang='lat' dir='ltr'><strong>aratri</strong></span> 
     </span>
     <span class='ocr_line' id='line_1_29' title="bbox 295 2342 1701 2416; baseline 0.002 -17"><span class='ocrx_word' id='word_1_184' title='bbox 295 2342 603 2413; x_wconf 83' lang='lat' dir='ltr'><strong>languebat,</strong></span> <span class='ocrx_word' id='word_1_185' title='bbox 638 2345 968 2416; x_wconf 88' lang='lat' dir='ltr'><strong>penitusque</strong></span> <span class='ocrx_word' id='word_1_186' title='bbox 1003 2362 1127 2399; x_wconf 87' lang='lat' dir='ltr'><strong>casa</strong></span> <span class='ocrx_word' id='word_1_187' title='bbox 1162 2349 1418 2400; x_wconf 89' lang='lat' dir='ltr'><strong>contrusa</strong></span> <span class='ocrx_word' id='word_1_188' title='bbox 1450 2346 1701 2402; x_wconf 85' lang='lat' dir='ltr'><strong>iacebant</strong></span> 
     </span>
     <span class='ocr_line' id='line_1_30' title="bbox 298 2422 2003 2509; baseline 0.002 -35"><span class='ocrx_word' id='word_1_189' title='bbox 298 2434 529 2509; x_wconf 77' lang='lat' dir='ltr'><strong>corpora</strong></span> <span class='ocrx_word' id='word_1_190' title='bbox 559 2425 887 2490; x_wconf 84' lang='lat' dir='ltr'><strong>paupertate</strong></span> <span class='ocrx_word' id='word_1_191' title='bbox 923 2426 982 2475; x_wconf 92' lang='lat' dir='ltr'><strong>et</strong></span> <span class='ocrx_word' id='word_1_192' title='bbox 1017 2422 1209 2475; x_wconf 90' lang='lat' dir='ltr'><strong>morbo</strong></span> <span class='ocrx_word' id='word_1_193' title='bbox 1245 2422 1437 2477; x_wconf 87' lang='lat' dir='ltr'><strong>dedita</strong></span> <span class='ocrx_word' id='word_1_194' title='bbox 1470 2424 1647 2477; x_wconf 84' lang='lat' dir='ltr'><strong>morti.</strong></span> <span class='ocrx_word' id='word_1_195' title='bbox 1906 2437 2003 2479; x_wconf 65' lang='lat' dir='ltr'><strong>mr»</strong></span> 
     </span>
     <span class='ocr_line' id='line_1_31' title="bbox 298 2496 1646 2567; baseline 0.001 -16"><span class='ocrx_word' id='word_1_196' title='bbox 298 2496 561 2551; x_wconf 86' lang='lat' dir='ltr'><strong>exanimis</strong></span> <span class='ocrx_word' id='word_1_197' title='bbox 596 2497 781 2565; x_wconf 86' lang='lat' dir='ltr'><strong>pueris</strong></span> <span class='ocrx_word' id='word_1_198' title='bbox 815 2513 980 2566; x_wconf 88' lang='lat' dir='ltr'><strong>super</strong></span> <span class='ocrx_word' id='word_1_199' title='bbox 1016 2497 1325 2551; x_wconf 85' lang='lat' dir='ltr'><strong>exanimata</strong></span> <span class='ocrx_word' id='word_1_200' title='bbox 1355 2501 1646 2567; x_wconf 86' lang='lat' dir='ltr'><strong>parentum</strong></span> 
     </span>
     <span class='ocr_line' id='line_1_32' title="bbox 298 2574 1708 2645; baseline 0.001 -18"><span class='ocrx_word' id='word_1_201' title='bbox 298 2586 528 2642; x_wconf 87' lang='lat' dir='ltr'><strong>corpora</strong></span> <span class='ocrx_word' id='word_1_202' title='bbox 560 2589 965 2641; x_wconf 88' lang='lat' dir='ltr'><strong>nonnumquam</strong></span> <span class='ocrx_word' id='word_1_203' title='bbox 1002 2590 1190 2643; x_wconf 83' lang='lat' dir='ltr'><strong>posses</strong></span> <span class='ocrx_word' id='word_1_204' title='bbox 1225 2577 1485 2645; x_wconf 89' lang='lat' dir='ltr'><strong>retroque</strong></span> <span class='ocrx_word' id='word_1_205' title='bbox 1521 2574 1708 2629; x_wconf 83' lang='lat' dir='ltr'><strong>videre</strong></span> 
     </span>
     <span class='ocr_line' id='line_1_33' title="bbox 297 2647 1753 2720; baseline 0.003 -18"><span class='ocrx_word' id='word_1_206' title='bbox 297 2647 565 2703; x_wconf 85' lang='lat' dir='ltr'><strong>matribus</strong></span> <span class='ocrx_word' id='word_1_207' title='bbox 600 2652 659 2704; x_wconf 88' lang='lat' dir='ltr'><strong>et</strong></span> <span class='ocrx_word' id='word_1_208' title='bbox 691 2649 943 2718; x_wconf 84' lang='lat' dir='ltr'><strong>patribus</strong></span> <span class='ocrx_word' id='word_1_209' title='bbox 977 2653 1136 2703; x_wconf 87' lang='lat' dir='ltr'><strong>natos</strong></span> <span class='ocrx_word' id='word_1_210' title='bbox 1171 2667 1338 2720; x_wconf 85' lang='lat' dir='ltr'><strong>super</strong></span> <span class='ocrx_word' id='word_1_211' title='bbox 1371 2652 1536 2705; x_wconf 87' lang='lat' dir='ltr'><strong>edere</strong></span> <span class='ocrx_word' id='word_1_212' title='bbox 1571 2652 1753 2707; x_wconf 83' lang='lat' dir='ltr'><strong>vitam.</strong></span> 
     </span>
     <span class='ocr_line' id='line_1_34' title="bbox 296 2725 1897 2794; baseline 0.003 -15"><span class='ocrx_word' id='word_1_213' title='bbox 296 2742 397 2779; x_wconf 89' lang='lat' dir='ltr'><strong>nec</strong></span> <span class='ocrx_word' id='word_1_214' title='bbox 432 2725 708 2779; x_wconf 87' lang='lat' dir='ltr'><strong>minimam</strong></span> <span class='ocrx_word' id='word_1_215' title='bbox 743 2730 959 2794; x_wconf 83' lang='lat' dir='ltr'><strong>partem</strong></span> <span class='ocrx_word' id='word_1_216' title='bbox 994 2743 1061 2781; x_wconf 81' lang='lat' dir='ltr'><strong>ex</strong></span> <span class='ocrx_word' id='word_1_217' title='bbox 1099 2728 1245 2794; x_wconf 86' lang='lat' dir='ltr'><strong>agris</strong></span> <span class='ocrx_word' id='word_1_218' title='bbox 1280 2726 1328 2781; x_wconf 91' lang='lat' dir='ltr'><strong>is</strong></span> <span class='ocrx_word' id='word_1_219' title='bbox 1362 2743 1578 2781; x_wconf 87' lang='lat' dir='ltr'><strong>maeror</strong></span> <span class='ocrx_word' id='word_1_220' title='bbox 1613 2728 1670 2782; x_wconf 92' lang='lat' dir='ltr'><strong>in</strong></span> <span class='ocrx_word' id='word_1_221' title='bbox 1703 2727 1897 2783; x_wconf 90' lang='lat' dir='ltr'><strong>urbem</strong></span> 
     </span>
     <span class='ocr_line' id='line_1_35' title="bbox 294 2800 2001 2871; baseline 0.002 -15"><span class='ocrx_word' id='word_1_222' title='bbox 294 2800 570 2868; x_wconf 82' lang='lat' dir='ltr'><strong>confluxit,</strong></span> <span class='ocrx_word' id='word_1_223' title='bbox 607 2801 868 2870; x_wconf 84' lang='lat' dir='ltr'><strong>languens</strong></span> <span class='ocrx_word' id='word_1_224' title='bbox 904 2818 1067 2871; x_wconf 87' lang='lat' dir='ltr'><strong>quem</strong></span> <span class='ocrx_word' id='word_1_225' title='bbox 1103 2804 1333 2857; x_wconf 85' lang='lat' dir='ltr'><strong>contulit</strong></span> <span class='ocrx_word' id='word_1_226' title='bbox 1369 2803 1725 2871; x_wconf 71' lang='lat' dir='ltr'><strong>agricolanun</strong></span> <span class='ocrx_word' id='word_1_227' title='bbox 1905 2820 2001 2859; x_wconf 76' lang='lat'>126⁰</span> 
     </span>
     <span class='ocr_line' id='line_1_36' title="bbox 296 2878 1588 2949; baseline 0.003 -18"><span class='ocrx_word' id='word_1_228' title='bbox 296 2878 453 2947; x_wconf 86' lang='lat' dir='ltr'><strong>copia</strong></span> <span class='ocrx_word' id='word_1_229' title='bbox 486 2878 809 2931; x_wconf 84' lang='lat' dir='ltr'><strong>conveniens</strong></span> <span class='ocrx_word' id='word_1_230' title='bbox 843 2895 912 2933; x_wconf 85' lang='lat' dir='ltr'><strong>ex</strong></span> <span class='ocrx_word' id='word_1_231' title='bbox 948 2878 1095 2933; x_wconf 90' lang='lat' dir='ltr'><strong>omni</strong></span> <span class='ocrx_word' id='word_1_232' title='bbox 1131 2881 1382 2934; x_wconf 84' lang='lat' dir='ltr'><strong>morbida</strong></span> <span class='ocrx_word' id='word_1_233' title='bbox 1416 2884 1588 2949; x_wconf 83' lang='lat' dir='ltr'><strong>parte.</strong></span> 
     </span>
     <span class='ocr_line' id='line_1_37' title="bbox 296 2952 1820 3025; baseline 0.004 -18"><span class='ocrx_word' id='word_1_234' title='bbox 296 2954 476 3007; x_wconf 85' lang='lat' dir='ltr'><strong>omnia</strong></span> <span class='ocrx_word' id='word_1_235' title='bbox 510 2952 835 3022; x_wconf 88' lang='lat' dir='ltr'><strong>conplebant</strong></span> <span class='ocrx_word' id='word_1_236' title='bbox 869 2955 987 3009; x_wconf 86' lang='lat' dir='ltr'><strong>loca</strong></span> <span class='ocrx_word' id='word_1_237' title='bbox 1021 2958 1310 3023; x_wconf 86' lang='lat' dir='ltr'><strong>tectaque;</strong></span> <span class='ocrx_word' id='word_1_238' title='bbox 1344 2974 1453 3025; x_wconf 92' lang='lat' dir='ltr'><strong>quo</strong></span> <span class='ocrx_word' id='word_1_239' title='bbox 1487 2957 1662 3025; x_wconf 87' lang='lat' dir='ltr'><strong>magis</strong></span> <span class='ocrx_word' id='word_1_240' title='bbox 1694 2960 1820 3013; x_wconf 81' lang='lat' dir='ltr'><strong>astu</strong></span> 
     </span>
     <span class='ocr_line' id='line_1_38' title="bbox 296 3030 1617 3087; baseline 0.002 -2"><span class='ocrx_word' id='word_1_241' title='bbox 296 3030 567 3085; x_wconf 86' lang='lat' dir='ltr'><strong>confertos</strong></span> <span class='ocrx_word' id='word_1_242' title='bbox 602 3032 682 3084; x_wconf 90' lang='lat' dir='ltr'><strong>ita</strong></span> <span class='ocrx_word' id='word_1_243' title='bbox 715 3031 1011 3084; x_wconf 75' lang='lat' dir='ltr'><strong>acervatim</strong></span> <span class='ocrx_word' id='word_1_244' title='bbox 1044 3048 1193 3085; x_wconf 89' lang='lat' dir='ltr'><strong>mors</strong></span> <span class='ocrx_word' id='word_1_245' title='bbox 1227 3032 1617 3087; x_wconf 84' lang='lat' dir='ltr'><strong>accumulabat.</strong></span> 
     </span>
     <span class='ocr_line' id='line_1_39' title="bbox 297 3106 1690 3179; baseline 0.004 -20"><span class='ocrx_word' id='word_1_246' title='bbox 297 3106 471 3160; x_wconf 86' lang='lat' dir='ltr'><strong>multa</strong></span> <span class='ocrx_word' id='word_1_247' title='bbox 505 3107 595 3161; x_wconf 89' lang='lat' dir='ltr'><strong>siti</strong></span> <span class='ocrx_word' id='word_1_248' title='bbox 631 3111 914 3179; x_wconf 84' lang='lat' dir='ltr'><strong>protracta</strong></span> <span class='ocrx_word' id='word_1_249' title='bbox 946 3108 1088 3162; x_wconf 83' lang='lat' dir='ltr'><strong>viam</strong></span> <span class='ocrx_word' id='word_1_250' title='bbox 1123 3124 1226 3177; x_wconf 83' lang='lat' dir='ltr'><strong>per</strong></span> <span class='ocrx_word' id='word_1_251' title='bbox 1257 3124 1469 3179; x_wconf 86' lang='lat' dir='ltr'><strong>proque</strong></span> <span class='ocrx_word' id='word_1_252' title='bbox 1504 3109 1690 3165; x_wconf 84' lang='lat' dir='ltr'><strong>voluta</strong></span> 
     </span>
     <span class='ocr_line' id='line_1_40' title="bbox 260 3183 1998 3257; baseline 0.003 -22"><span class='ocrx_word' id='word_1_253' title='bbox 260 3188 267 3193; x_wconf 88' lang='lat'>&#39;</span> <span class='ocrx_word' id='word_1_254' title='bbox 298 3196 523 3257; x_wconf 76' lang='lat' dir='ltr'><strong>corpora</strong></span> <span class='ocrx_word' id='word_1_255' title='bbox 558 3183 756 3237; x_wconf 85' lang='lat' dir='ltr'><strong>silanos</strong></span> <span class='ocrx_word' id='word_1_256' title='bbox 791 3183 863 3238; x_wconf 89' lang='lat' dir='ltr'><strong>ad</strong></span> <span class='ocrx_word' id='word_1_257' title='bbox 898 3200 1160 3253; x_wconf 87' lang='lat' dir='ltr'><strong>aquarum</strong></span> <span class='ocrx_word' id='word_1_258' title='bbox 1199 3187 1374 3239; x_wconf 84' lang='lat' dir='ltr'><strong>strata</strong></span> <span class='ocrx_word' id='word_1_259' title='bbox 1409 3185 1660 3240; x_wconf 82' lang='lat' dir='ltr'><strong>iacebant</strong></span> <span class='ocrx_word' id='word_1_260' title='bbox 1903 3201 1998 3241; x_wconf 79' lang='lat'>1265</span> 
     </span>
    </p>
   </div>
  </div>
 </body>
</html>
