2259 3550
227 77 343 138 112
1008 74 1155 133 IIII

217 182 459 252 corporis
493 184 661 249 atque
696 179 875 235 animi.
911 181 977 235 fit
1010 183 1095 235 uti
1129 196 1259 251 pars
1291 179 1421 234 inde
1455 179 1657 234 animai

217 258 451 314 eiciatur
484 265 544 312 et
577 258 875 310 introrsum
910 274 1039 326 pars
1074 257 1265 312 abdita
1298 255 1480 325 cedat,
1857 271 1932 311 θῶ

215 351 348 406 pars
381 334 548 389 etiam
584 333 855 387 distracta
888 350 989 403 per
1023 337 1180 388 artus
1213 349 1320 386 non
1356 335 1526 401 queat
1559 348 1682 386 esse

216 409 505 466 coniuncta
538 408 685 462 inter
719 425 779 462 se
813 425 992 478 neque
1027 413 1182 463 motu
1215 414 1407 463 mutua
1441 409 1624 476 fungi;

216 486 364 541 inter
398 486 541 540 enim
580 485 757 552 saepit
793 489 981 540 coetus
1016 490 1215 539 natura
1249 487 1502 555 viasque3

218 580 350 632 crgo
386 579 577 617 sensus
611 561 730 616 abit
764 563 993 616 mutatis
1027 562 1271 615 motibus
1305 562 1430 616 alte.

218 643 281 694 ct
312 639 565 708 quoniam
599 655 709 692 non
746 642 834 693 est
869 637 1024 708 quasi
1058 637 1206 706 quod
1243 637 1516 693 suffulciat
1549 641 1716 704 artus,
1855 653 1930 693 96⁰

218 714 401 771 debile
434 715 501 769 fit
535 732 735 784 corpus
767 715 1234 784 languescuntque
1271 714 1450 768 omnia
1484 713 1747 781 membra,

216 790 474 846 bracchia
508 790 910 862 palpebraeque
944 789 1152 844 cadunt
1186 790 1530 860 poplitesque
1563 790 1786 845 cubanti

219 882 383 936 saepe
421 871 605 920 tamen
639 867 1057 921 summittuntur
1094 866 1332 933 virisque
1366 865 1661 921 resolvunt.

218 942 419 997 deinde
452 942 634 997 cibum
672 943 918 1011 sequitur
952 959 1186 1008 somnuS‚
1223 943 1364 1012 quia,
1401 959 1542 1010 quae
1577 943 1710 997 facit
1743 958 1854 1011 aer,

218 1017 354 1074 haec
389 1019 587 1073 cadem
622 1018 789 1086 cibuS‚
825 1019 879 1070 in
916 1035 1082 1073 venas
1116 1018 1248 1072 dum
1285 1019 1498 1074 diditur
1532 1019 1720 1083 omniS,
1851 1033 1926 1082 ⁰⁵5

218 1093 399 1149 efficit.
431 1097 490 1148 et
524 1093 697 1147 multo
733 1110 894 1163 sopor
930 1094 1021 1148 ille
1055 1095 1407 1162 gravissimus
1442 1098 1628 1149 exstat

218 1187 383 1238 quem
418 1173 572 1224 satur
606 1172 704 1224 aut
738 1169 912 1222 lassus
948 1171 1146 1238 capias»,
1181 1171 1308 1240 quia
1341 1171 1575 1240 plurima
1611 1176 1731 1225 tum
1765 1186 1826 1226 se

220 1262 451 1314 corpora
483 1246 815 1300 conturbant
850 1262 1047 1313 magno
1082 1249 1309 1300 contusa
1345 1246 1547 1301 labore.

218 1322 285 1375 fit
318 1323 529 1377 ratione
565 1321 759 1375 eadem
794 1321 1069 1374 coniectus
1104 1323 1307 1391 partim
1343 1323 1540 1376 animai

218 1398 379 1464 altior
413 1401 582 1466 atque
615 1397 761 1450 foras
796 1397 1003 1451 eiectus
1038 1397 1241 1465 largior
1274 1399 1406 1465 eius,
1849 1413 1922 1454 seo

218 1489 251 1526 c
351 1473 534 1538 ivisior
569 1474 715 1527 inter
750 1490 809 1527 se
843 1489 907 1527 ac
942 1473 1256 1528 distractior
1289 1475 1346 1528 in
1381 1479 1508 1529 test.

336 1553 363 1604 t
396 1567 504 1619 quo
540 1550 771 1619 quisque
805 1549 923 1603 fere
958 1551 1142 1604 studio
1179 1551 1468 1606 devinctus
1502 1551 1766 1606 adhaeret

217 1628 314 1679 aut
348 1625 544 1694 quibus
580 1626 635 1678 in
672 1625 837 1679 rebus
870 1625 1104 1680 multum
1141 1643 1328 1682 sumus
1362 1631 1491 1681 antc
1528 1628 1724 1682 morati

217 1705 385 1770 atque
418 1701 476 1754 in
510 1718 575 1755 ea
609 1702 821 1755 ratione
854 1701 961 1756 fuit
996 1707 1257 1758 contenta
1291 1705 1463 1771 magis
1499 1719 1668 1768 mene,

216 1779 273 1832 in
309 1778 511 1831 somnis
546 1779 741 1833 eadem
774 1779 1098 1849 plerumque
1134 1782 1384 1835 videmur
1419 1781 1601 1847 obire3
1849 1797 1920 1837 sss

214 1854 473 1909 causidici
505 1870 695 1909 causas
729 1870 893 1925 agere
928 1859 987 1910 et
1022 1873 1348 1925 componere
1382 1857 1546 1925 legeS,

216 1929 635 2000 induperatores
670 1948 915 1999 pugnare
950 1949 1014 1988 ac
1049 1934 1259 2003 proelia
1293 1934 1461 1997 obire,

217 2009 419 2061 nautae
452 2010 795 2061 contractum
831 2024 955 2062 cum
990 2010 1172 2063 ventis
1207 2008 1410 2077 degere
1444 2009 1664 2077 bellum,

216 2098 313 2136 nos
348 2099 513 2151 agere
547 2083 648 2138 hoc
684 2090 870 2139 autem
905 2088 964 2139 ct
998 2089 1250 2140 naturam
1286 2102 1552 2155 quaerere
1587 2102 1772 2141 rerum

216 2175 433 2228 semper
466 2162 525 2213 et
558 2158 835 2214 inventam
870 2162 1061 2229 patriis
1096 2178 1372 2230 exponere
1405 2161 1623 2216 chartis.
1847 2176 1920 2218 wo

216 2234 405 2288 cetera
438 2236 513 2290 sic
550 2236 734 2289 studia
768 2241 935 2305 atque
969 2240 1119 2291 artes
1155 2238 1474 2306 plerumque
1509 2237 1768 2293 videntur

214 2310 271 2363 in
306 2312 509 2365 somnis
545 2313 751 2366 animos
785 2312 1061 2367 hominum
1096 2313 1365 2368 frustrata
1398 2318 1602 2368 tenere.

216 2389 275 2441 et
308 2387 633 2457 quicumque
670 2388 787 2443 dies
822 2389 1023 2443 multos
1058 2406 1126 2443 cx
1163 2390 1356 2445 ordine
1391 2390 1533 2444 ludis

214 2461 472 2517 adsiduas
506 2464 784 2519 dederunt
817 2481 1027 2534 operas,
1062 2465 1382 2534 plerumque
1417 2466 1678 2533 videmuS,

216 2555 340 2592 cum
375 2539 485 2593 iam
521 2540 857 2596 destiterunt
892 2558 959 2595 ca
993 2542 1240 2596 sensibus
1277 2559 1556 2613 usurpare,
1845 2557 1917 2597 975

216 2614 445 2669 relicuas
479 2619 665 2670 tamen
700 2634 821 2671 esse
856 2618 971 2671 vias
1006 2620 1058 2671 in
1096 2623 1281 2673 mente
1317 2619 1570 2689 patentis,

215 2706 325 2761 qua
357 2692 568 2760 possint
601 2693 795 2747 eadem
829 2709 1013 2747 rerum
1051 2695 1340 2749 simulacra
1375 2695 1570 2749 venire.

212 2783 315 2836 per
348 2767 550 2821 multos
584 2767 769 2839 itaque
803 2768 897 2823 illa
931 2770 1049 2824 dies
1083 2770 1278 2824 eadem
1314 2770 1674 2824 obversantur

214 2846 344 2899 ante
378 2844 577 2911 oculos,
614 2846 777 2898 ctiam
816 2846 1103 2914 vigilantes
1138 2850 1203 2901 ut
1239 2846 1526 2901 videantur

214 2936 441 2975 cernere
478 2921 726 2975 saltantis
761 2926 817 2975 et
853 2922 1033 2977 mollia
1068 2922 1316 2977 membra
1350 2922 1618 2977 moventis
1841 2936 1914 2976 eso

213 2998 275 3049 et
308 2996 551 3051 citharae
586 2998 853 3067 liquidum
890 3016 1105 3053 carmen
1143 3000 1482 3068 chordasque
1517 2999 1788 3066 loquentis

212 3070 434 3125 auribus
469 3074 713 3141 accipere
749 3077 807 3128 ct
842 3091 1155 3129 consessum
1189 3092 1414 3129 cernere
1449 3075 1680 3129 eundem

212 3146 499 3215 scenaique
536 3148 693 3202 simul
732 3152 907 3203 varios
944 3151 1234 3220 splendere
1270 3152 1508 3205 decores,
