2259 3550
410 9 767 145 vtum
796 21 919 127 bl
1120 87 1188 144 11
1928 93 2002 145 5⁵

299 193 361 246 et
395 190 581 245 ridere
614 193 801 260 potest
836 205 946 244 non
980 206 1049 243 ex
1085 186 1380 246 ridentibu’
1415 187 1594 244 factus

300 270 361 323 et
395 283 588 336 sapere
622 269 682 320 et
717 265 897 320 doctis
930 265 1202 319 rationem
1239 265 1474 319 reddere
1510 265 1674 321 dictis

300 361 410 397 non
445 360 515 397 ex
550 341 849 396 seminibus
886 341 1227 412 sapientibus
1262 345 1428 409 atque
1465 343 1703 412 disertis,

300 420 396 490 qui
430 419 611 473 minus
646 434 768 473 esse
802 420 1011 487 queant
1046 434 1114 472 ea
1148 433 1290 487 quae
1326 420 1532 472 sentire
1569 419 1820 473 videmus

301 495 599 550 seminibus
633 495 909 564 permixta.
940 493 1258 548 carentibus
1291 495 1537 564 undique
1572 497 1767 549 sensu?
1935 511 2007 550 wo

373 571 660 642 Denti
661 570 889 636 caelesti
921 587 1109 624 sumus
1145 587 1334 625 omnes
1369 571 1576 625 semine
1609 571 1884 638 oriundi;
1917 589 2052 651 ιώ

300 647 553 702 omnibus
588 647 681 700 ille
716 647 865 701 idem
900 654 1064 716 pater
1099 647 1202 715 est,
1235 646 1384 701 unde
1419 646 1563 701 alma
1596 646 1858 715 liquentis
1890 675 1920 719 ff

298 723 507 777 umoris
539 726 729 790 guttas
764 728 943 776 mater
978 739 1101 776 eum
1137 728 1288 777 terra
1321 724 1544 791 recepit,
1855 731 1902 765 0
1941 723 2082 780 lv

296 802 415 857 feta
447 799 594 868 parit
627 798 833 852 nitidas
868 800 1055 866 fruges
1089 799 1424 888 arbustaque
1458 800 1604 853 laeta
1857 809 1868 856 Ι.

297 878 361 930 et
391 892 565 943 genus
600 875 913 940 humanum,
950 875 1095 943 parit
1128 876 1311 929 omnia
1345 876 1524 929 saecla
1558 878 1816 944 ferarum,
1871 893 1882 931 ι
1935 890 2010 931 905

296 950 499 1021 pabula
532 967 658 1004 cum
692 950 923 1020 praebet
956 951 1154 1019 quibus
1188 968 1376 1005 omnes
1409 968 1640 1021 corpora
1673 953 1957 1024 pascunt
2039 1009 2048 1016 ,
2093 979 2111 1018 s
2141 997 2152 1009 ,

296 1031 359 1082 et
394 1028 611 1082 dulcem
646 1027 858 1082 ducunt
891 1028 1060 1082 vitam
1098 1028 1416 1098 prolemque
1450 1033 1786 1099 propagant,
2031 1069 2044 1083 -.
2019 1018 2134 1128 [μ’

299 1109 638 1175 quapropter
672 1103 871 1158 merito
904 1108 1212 1158 maternum
1247 1121 1443 1158 nomen
1477 1105 1680 1175 adepta
1715 1108 1816 1159 est.
1899 1085 1961 1139 μ
2000 1103 2032 1130 ·⁴

298 1181 449 1257 cedit
480 1181 616 1258 mem
651 1185 817 1255 retro²
853 1181 925 1234 de
958 1184 1111 1234 term
1146 1181 1294 1249 quod
1327 1181 1433 1241 fuit
1452 1187 1611 1248 ante,
1890 1226 1898 1237 .

295 1273 352 1310 ιιι
386 1262 579 1345 terras²
616 1262 676 1312 et
710 1273 852 1386 quo
892 1257 1170 1327 missumst
1206 1273 1274 1310 ex
1309 1257 1549 1319 aetheris
1580 1259 1719 1327 oriS,
1879 1298 1885 1307 .
1917 1275 2012 1314 1000

299 1333 357 1386 id
391 1349 606 1422 rursum
642 1350 735 1403 cae
759 1351 790 1390 ι
808 1333 1319 1401 renatum-templa
1338 1338 1640 1402 receptant.
1873 1372 1885 1405 ;

280 1399 442 1466 {see
436 1407 513 1464 sic
527 1399 829 1464 interemit
864 1425 1008 1463 mors
1043 1426 1132 1463 res
1167 1413 1230 1461 ut
1267 1410 1513 1464 materiai

296 1498 526 1556 corpora
559 1487 828 1548 conficiat,
863 1485 963 1539 sed
999 1490 1216 1540 coetum
1252 1483 1500 1554 dissupat
1533 1487 1668 1540 ollis.

296 1561 429 1616 inde
462 1563 580 1616 aliis
615 1561 767 1616 aliud
801 1562 1148 1630 coniungitur
1180 1565 1240 1616 et
1275 1561 1342 1615 fit
1374 1565 1441 1616 ut
1473 1579 1660 1617 omnes

296 1653 389 1692 res
420 1637 501 1692 ita
535 1643 855 1693 convertant
888 1638 1091 1692 formas
1126 1641 1451 1707 mutentque
1485 1639 1692 1694 colores
1915 1656 2008 1696 1005

298 1717 357 1768 et
392 1715 609 1785 capiant
644 1731 833 1768 sensus
868 1717 929 1768 et
962 1717 1169 1785 puncto
1204 1719 1451 1784 tempore
1487 1716 1740 1784 reddant,

296 1795 361 1846 ut
394 1808 583 1845 noscas
617 1792 826 1846 referre
862 1791 1053 1845 eadem
1088 1792 1391 1862 primordia
1427 1809 1606 1846 rerum

295 1884 418 1922 cum
455 1868 651 1937 quibus
685 1872 744 1922 et
778 1868 927 1937 quali
960 1869 1208 1937 positura
1242 1869 1622 1924 contineantur

295 1948 354 1998 et
388 1961 521 2013 quos
554 1946 699 1998 inter
734 1961 793 1998 se
830 1944 965 1997 dent
998 1948 1180 1997 motus
1215 1945 1604 2014 accipiantque,

292 2036 430 2074 neve
463 2024 625 2090 putes
658 2024 883 2074 aeterna
916 2037 1085 2089 penes
1118 2020 1363 2075 residere
1397 2027 1614 2089 potesse
1916 2040 2009 2078 1010

295 2112 526 2163 corpora
560 2097 735 2166 prima
771 2096 917 2163 quod
952 2097 1011 2149 in·
1046 2096 1272 2150 summis
1307 2096 1522 2150 fluitare
1557 2098 1803 2154 videmus

294 2170 459 2226 rebus
493 2176 551 2225 et
584 2173 863 2225 interdum
899 2173 1046 2226 nasci
1084 2172 1372 2241 subitoque
1407 2174 1599 2241 perire.

294 2247 423 2316 quin
459 2248 625 2301 etiam
660 2249 831 2301 refert
866 2248 1067 2300 nostris
1103 2249 1160 2299 in
1197 2248 1442 2301 versibus
1475 2249 1608 2318 ipsis

294 2338 420 2376 cum
454 2322 651 2392 quibus
684 2326 743 2377 ct
778 2323 925 2391 quali
960 2324 1071 2375 sint
1105 2323 1296 2377 ordine
1329 2340 1576 2394 quaeque
1610 2326 1802 2382 locata.

295 2412 504 2451 mumlm
523 2412 690 2445 EADEM
718 2414 914 2447 CAELUM
936 2413 1071 2445 MARE
1097 2414 1284 2446 'miuus
1309 2414 1532 2447 Ptumnu
1560 2416 1712 2449 soum
1915 2420 2010 2460 1015

296 2474 603 2508 summum
627 2476 807 2508 EADEM·
824 2476 1010 2509 PRUGRS
1030 2476 1248 2509 ARBUSTA
1276 2475 1545 2509 Aslnsx'rls

295 2538 343 2592 si
377 2554 485 2591 non
521 2538 699 2591 omnia
734 2544 876 2601 sunt,
912 2541 973 2591 at
1007 2538 1182 2592 multo
1216 2538 1452 2592 maxima
1486 2555 1616 2607 pars
1651 2545 1738 2605 est

294 2613 619 2677 consimilis3
653 2630 843 2668 verum
880 2615 1125 2684 positura
1161 2613 1521 2682 discrepitant
1555 2630 1656 2670 res,

294 2692 371 2746 sic
405 2691 541 2761 ipsis
574 2691 630 2744 in
667 2690 832 2781 rebus
866 2691 1000 2745 item
1034 2691 1144 2745 iam
1179 2690 1429 2747 materiai

290 2784 601 2818 inmnvsnm
622 2754 737 2819 vu‘s
761 2784 979 2819 conexus
1007 2785 1229 2819 PONDERA
1257 2774 1472 2829 ηΑοΑΕρ
1914 2786 2010 2829 1020

291 2862 585 2900 concursus
619 2850 799 2900 motus
834 2847 969 2901 ordo
1005 2847 1256 2917 positura
1289 2846 1498 2915 figurae

292 2938 415 2975 cum
450 2926 851 2991 permutantur,
885 2924 1086 2977 mutari
1122 2940 1212 2976 res
1247 2940 1461 2992 quoque
1498 2924 1719 2979 debent.

365 2998 415 3053 N
423 3015 527 3052 unc
560 3002 799 3052 animum
832 2999 989 3053 nobis
1022 3000 1224 3053 adhibe
1258 3017 1442 3054 veram
1477 3000 1551 3053 ad
1585 2961 1884 3085 rationem]
1903 3017 1952 3087 ss
1971 3032 2142 3084 ms·

293 3090 418 3129 nam
452 3074 557 3129 tibi
590 3079 874 3130 vementer
906 3092 1045 3129 nova
1079 3092 1170 3129 res
1204 3077 1426 3129 molitur
1461 3076 1533 3129 ad
1568 3075 1714 3131 auris
1858 3099 1874 3140 ι

290 3148 557 3212 accedere
592 3154 651 3204 et
683 3168 823 3205 nova
858 3168 917 3206 se
953 3152 1162 3221 species
1197 3152 1490 3207 ostendere
1526 3170 1724 3207 rerum.
1854 3145 1865 3162 ¹
1915 3168 1958 3207 ιο
