2259 3550
1083 107 1234 163 1111.
1859 165 1865 171 ,
1896 111 2006 167 119

284 227 503 282 semper
536 211 681 266 enim
716 214 911 281 partus
944 211 1150 281 duplici
1185 212 1257 266 de
1293 212 1498 266 semine
1533 217 1764 280 constat,

259 290 453 358 ‘atque
484 288 597 342 utri
632 287 865 342 similest
900 289 1075 356 magis
1106 288 1168 342 id
1202 287 1587 357 quodcumque
1621 291 1856 359 creatur,
1908 306 2004 348 1230

282 365 399 417 eius
432 363 601 418 habet
636 365 758 432 plus
794 368 955 432 parte
990 380 1194 432 aequa3
1229 365 1380 432 quod
1414 381 1638 420 cernere
1671 365 1866 435 possis,

282 440 397 494 sive
432 441 611 494 virum
646 439 863 494 suboles
898 441 1068 494 sivest
1102 439 1386 496 muliebris
1421 441 1586 508 origo,

353 515 471 570 Nec
504 516 687 570 divina
722 519 903 570 satum
937 516 1238 584 genitalem
1271 516 1494 570 numina
1527 516 1780 586 cuiquam

280 591 610 659 absterrent,
646 595 807 660 pater
841 609 875 646 a
910 591 1092 659 gnatis
1128 609 1198 646 ne
1234 591 1487 646 dulcibus
1519 608 1780 662 umquam
1809 622 1836 642 .

280 669 587 736 appelletur
623 672 683 721 et
715 670 779 722 ut
816 669 988 722 sterili
1024 669 1244 722 Venere
1279 667 1469 736 exigat
1501 684 1722 735 aevom3
1906 685 2002 724 1235

278 744 426 812 quod
461 744 785 813 plerumque
818 747 1019 812 putant
1055 748 1114 798 ct
1151 744 1324 798 multo
1361 744 1622 812 sanguiue
1656 746 1852 800 maesti
1919 741 1926 746 ’

277 828 645 890 conspergunt
682 836 805 874 aras
840 820 1173 889 adolentque
1207 820 1402 874 altaria
1438 820 1611 886 doniS,

275 898 341 949 ut
373 896 630 963 gravidas
666 895 905 950 reddant
944 913 1146 950 uxores
1182 896 1388 951 semine
1421 895 1588 964 largo.

274 973 603 1042 nequiquam
641 973 823 1026 divom
856 990 1059 1026 numen
1096 973 1372 1042 sortisque
1407 973 1653 1041 fatigant.

273 1062 398 1102 nam
434 1048 649 1103 steriles
682 1049 909 1104 nimium
943 1065 1125 1104 crasso
1161 1057 1291 1103 sunt
1325 1050 1532 1103 semine
1565 1047 1768 1118 partim
1903 1065 2000 1108 1240

274 1129 335 1178 ct
368 1124 572 1192 liquido
608 1129 830 1194 praeter
862 1125 1066 1179 iustum
1102 1125 1364 1194 tenuique
1397 1124 1651 1180 vicissim.

272 1205 436 1256 teme
471 1201 602 1256 locis
639 1202 769 1271 quia
802 1218 911 1254 non
945 1202 1089 1270 potis
1126 1204 1215 1254 est
1249 1201 1491 1268 adfigere
1527 1201 1842 1269 adhaesum,

269 1276 498 1346 liquitur
534 1278 807 1346 extemplo
844 1282 902 1331 et
937 1282 1252 1332 revocatum
1287 1278 1439 1331 cedit
1472 1277 1684 1332 abortu.

271 1355 505 1408 crassius
539 1354 624 1407 his
660 1371 823 1422 porro
858 1355 1113 1423 quoniam
1152 1354 1456 1407 concretius
1491 1369 1663 1421 aequo

270 1430 527 1498 mittitur,
562 1435 658 1484 aut
694 1447 800 1484 non
836 1434 951 1484 tam
986 1430 1198 1499 prolixo
1232 1429 1482 1498 provolat
1517 1428 1628 1482 ictu
1898 1447 1996 1486 ηε,

269 1509 366 1560 aut
401 1511 691 1576 penetrare
730 1507 875 1562 locos
910 1522 1083 1574 aeque
1118 1506 1309 1574 nequit
1344 1507 1440 1558 aut
1473 1510 1824 1572 penetratum

268 1598 435 1652 aegre
470 1583 801 1638 admiscetur
836 1582 1093 1636 muliebri
1134 1583 1339 1636 semine
1375 1597 1574 1634 semen.

269 1675 395 1713 nam
430 1659 663 1713 multum
698 1659 1011 1712 harmoniae
1049 1658 1282 1711 Veneris
1318 1657 1538 1710 differre
1578 1657 1845 1714 videntur.

268 1737 435 1805 atquc
468 1735 603 1790 alias
638 1736 729 1790 alii
765 1735 1039 1805 complent
1074 1735 1248 1803 magis
1285 1751 1353 1789 ex
1391 1733 1618 1803 aliisque

269 1813 571 1883 succipiunt
607 1813 745 1867 aliae
780 1812 995 1881 pondus
1030 1812 1204 1880 magis
1239 1812 1403 1879 inque
1439 1816 1778 1879 gravescunt.
1895 1828 1992 1867 1250

268 1891 326 1942 ct
360 1890 566 1943 multae
604 1889 821 1943 steriles
859 1888 1192 1957 Hymenaeis
1231 1891 1360 1941 ante
1395 1887 1625 1941 fuerunt

264 1964 512 2032 pluribus
549 1969 607 2019 ct
642 1969 837 2019 nactae
875 1968 998 2033 post
1036 1967 1167 2017 sunt
1203 1968 1388 2017 tamen
1423 1962 1572 2015 unde
1604 1962 1817 2031 puellos

264 2041 540 2109 suscipere
576 2044 634 2095 et
669 2045 831 2108 partu
866 2044 1091 2108 possent
1126 2038 1398 2092 ditescere
1437 2038 1601 2091 dulci.

267 2119 326 2169 ct
361 2116 558 2184 quibus
594 2121 722 2170 ante
759 2116 905 2170 domi
939 2115 1210 2170 fecundae
1248 2130 1409 2182 saepo
1446 2114 1764 2181 nequissent

266 2208 465 2245 uxores
499 2209 709 2262 parcre,
746 2193 1021 2245 inventast
1056 2191 1161 2244 illis
1197 2207 1416 2260 quoque
1450 2205 1670 2259 compar
1893 2207 1989 2246 1255

266 2269 477 2335 natura,
512 2271 576 2321 ut
610 2272 835 2337 possent
870 2268 1053 2334 gnatis
1090 2268 1304 2319 munire
1340 2269 1631 2320 senectam.

264 2359 439 2411 usque
472 2344 612 2398 adeo
647 2344 830 2411 magni
866 2344 1051 2410 refert,
1091 2346 1156 2397 ut
1193 2342 1398 2395 semina
1432 2342 1644 2409 possint

266 2419 561 2474 seminibus
596 2420 931 2474 commisceri
968 2419 1289 2487 genitaliter
1323 2422 1471 2485 apta,

264 2512 518 2549 crassane
554 2496 877 2549 conveniant
913 2496 1136 2564 liquidis
1173 2500 1232 2549 ct
1265 2494 1476 2561 liquida
1510 2494 1724 2547 crassis.

266 2574 433 2641 atque
468 2572 525 2625 in
563 2588 629 2625 eo
664 2571 835 2625 refert
872 2589 979 2640 quo
1014 2573 1164 2625 victu
1200 2570 1312 2623 vita
1349 2569 1590 2634 colatur;
1890 2584 1987 2623 1260

265 2664 499 2717 namque
533 2648 653 2702 aliis
686 2649 851 2703 rebus
886 2650 1240 2702 concrescunt
1276 2646 1483 2701 semina
1519 2644 1778 2700 membris

264 2728 433 2794 atque
467 2725 585 2779 aliis
622 2728 988 2779 extenvantur
1024 2724 1328 2791 tabentque
1364 2723 1612 2777 vicissim.

264 2804 323 2855 et
356 2800 553 2869 quibus
589 2801 707 2868 ipsa
741 2800 919 2854 modis
953 2803 1228 2854 tractetur
1265 2799 1466 2853 blanda
1501 2799 1772 2868 voluptas,

261 2876 323 2931 id
358 2892 574 2945 quoque
609 2876 891 2946 permagni
928 2877 1131 2941 refert;
1169 2891 1294 2928 nam
1331 2892 1483 2929 more
1519 2874 1760 2929 ferarum

265 2952 791 3022 quadrupedumque
828 2953 1001 3019 magis
1036 2953 1150 3006 ritu
1184 2952 1504 3020 plerumque
1539 2952 1809 3019 putantur
1885 2962 1984 3002 1265

264 3029 549 3097 concipere
584 3045 794 3095 uxores,
831 3030 958 3098 quia
994 3028 1070 3081 sic
1106 3029 1228 3081 loca
1264 3044 1479 3081 sumere
1515 3028 1760 3095 possunt,

262 3104 579 3173 pectoribus
612 3105 821 3174 positis,
858 3103 1087 3159 sublatis
1122 3104 1334 3159 semina
1367 3102 1582 3157 lumbis.

265 3192 369 3243 nec
402 3180 591 3233 molles
626 3182 748 3249 opu'
786 3185 913 3235 sunt
948 3185 1131 3234 motus
1165 3179 1426 3233 uxoribus
1462 3178 1645 3232 hilum.
