2259 3550
1114 139 1183 174 XV

293 263 606 334 (umerum).
655 260 858 318 deinde
901 256 1197 314 Goebcl‘nis
1236 259 1447 328 quaest.
1488 259 1645 314 Lucr.
1682 259 1803 314 crit.
1840 274 1893 328 p.
1928 261 1993 312 14

289 350 584 407 emendata
613 345 1054 417 interpunctione
1089 344 1273 397 omnia
1302 345 1465 413 plana
1490 345 1645 398 ·fecit.
1696 344 1994 400 Lachman-

289 451 394 489 nus
419 433 610 503 inepte
643 447 744 502 pro
779 438 1002 484 AURUM
1035 443 1217 483 aurea
1252 431 1313 482 et
1346 433 1445 484 831
1484 445 1585 498 pro
1616 439 1995 483 msfflc'mu

290 518 580 574 distracta.

397 609 498 661 846
529 602 658 657 libri
684 609 1004 655 PROPRIUM.
1041 600 1130 656 ed.
1174 599 1321 655 Iunt-
1357 603 1415 655 et
1452 599 1833 655 Lechmannus
1860 615 1997 669 pro-

288 691 441 766 prio,
469 688 586 742 sine
611 703 792 742 causa.
841 683 906 738 cf.
931 690 1050 740 855.

397 783 500 832 893
523 774 715 830 addidi
741 779 807 842 et,
832 771 982 842 quod
1013 771 1161 826 inter
1192 789 1221 826 e
1250 775 1309 826 et
1336 787 1375 839 a
1405 771 1629 827 excidit.
1677 775 1829 826 amat
1852 771 1997 826 enim

295 867 457 934 pocta
501 858 872 918 monosvllaba
906 857 1068 925 longa
1105 856 1326 912 elidere.
1390 872 1493 925 pro
1526 867 1793 910 SBNSILIA
1829 854 1999 910 Lach-

297 961 524 1002 mannus
547 961 671 1001 cum
695 943 976 1000 veteribus
997 943 1199 998 sensile
1220 949 1283 996 ot.

399 1040 502 1089 902
544 1049 643 1102 pro
684 1043 767 1084 Ex
804 1041 1143 1083 SENSILIBUS
1186 1028 1567 1083 Lachmannus
1603 1027 1869 1084 audacter
1916 1044 1997 1094 ca,

297 1118 620 1186 mninssms,
633 1121 692 1172 et
715 1122 818 1172 903
841 1115 1016 1170 suetis
1035 1131 1141 1185 pro
1162 1125 1349 1168 svm.
1400 1129 1519 1184 ego,
1540 1116 1761 1168 servato
1783 1113 1999 1167 covasili-

296 1208 396 1262 bus
433 1209 494 1260 et
531 1204 973 1274 interpunctione
1010 1205 1241 1270 mutata,
1282 1201 1473 1270 scripsi
1509 1207 1681 1256 sucta.
1730 1201 1833 1256 hoc
1865 1199 2001 1255 dicit

298 1295 478 1363 poeta,
505 1293 520 1320 ‘
535 1293 742 1346 semina
765 1290 972 1346 sentire
994 1291 1281 1344 suescunt:
1318 1303 1451 1355 ergo
1472 1286 1657 1342 mollia
1680 1287 1837 1340 sunt’.

401 1383 504 1433 905
527 1393 630 1448 pro
653 1386 899 1435 cUMth
923 1374 1053 1428 dedi
1071 1373 1289 1440 cuique.
1339 1371 1717 1426 Lachmannus
1740 1377 1957 1424 cuncta.

403 1469 504 1518 915
541 1465 676 1529 (923)
713 1460 858 1514 malo
880 1475 1005 1514 cum
1030 1456 1329 1526 Bernaysio
1362 1458 1491 1526 post
1526 1460 1645 1524 914,
1670 1470 1837 1524 quam
1875 1471 2001 1510 cum

299 1549 650 1605 Lachmanno
673 1550 800 1617 post
824 1552 926 1601 916
951 1545 1233 1600 collocare.

404 1639 506 1690 926
532 1633 776 1689 vicimus
799 1633 992 1703 scripsi
1023 1649 1124 1702 pro
1161 1631 1501 1700 ineptissimo
1535 1629 1803 1685 librorum
1839 1642 2002 1683 FUGI-

300 1733 435 1790 MUS‚
473 1720 624 1791 quod
644 1719 853 1774 frustra
875 1718 1126 1773 defendit
1154 1717 1545 1772 Lachmannus.
1600 1720 1833 1787 apparet
1856 1715 2001 1770 enim

301 1810 521 1876 poetam
545 1806 618 1860 ad
641 1810 742 1863 870
767 1821 900 1873 sqq„
923 1820 1030 1859 uon
1057 1802 1130 1857 ad
1156 1808 1273 1869 886,
1308 1802 1597 1871 respicere.

405 1898 506 1948 932
576 1890 897 1945 rectissimo·
939 1889 1270 1958 Bernaysius
1326 1904 1554 1943 sensam
1611 1904 1713 1957 pro
1768 1896 1998 1939 SENSUS.

301 1979 557 2033 librarius
579 1993 640 2031 m
669 1976 838 2031 semel
875 1975 1106 2044 scripsit.
1178 1974 1379 2029 deinde
1418 1980 1519 2029 933
1556 1990 1656 2043 pro
1692 1986 2001 2027 PRODITUM

303 2073 500 2113 Exim
542 2060 734 2129 scripsi
765 2059 1042 2128 proditus
1082 2063 1239 2113 extet.
1314 2056 1695 2111 Lachmannus
1728 2059 2005 2126 protinus

304 2152 500 2199 extent.
573 2142 904 2212 Bernaysius
954 2142 1239 2212 proditur
1266 2146 1448 2197 extra.
1526 2140 1629 2195 sed
1660 2144 2005 2198 coniunctivo

305 2244 440 2299 opus
464 2231 564 2283 est.

409 2319 510 2368 940
580 2312 707 2367 libri
755 2312 1057 2367 rectissime
1102 2319 1416 2371 TERRAQUE
1464 2324 1721 2381 onnus,
1763 2317 1865 2369 hoc
1902 2319 2003 2383 est,

307 2399 566 2468 frugibus,
597 2398 885 2453 arboribus
925 2405 1028 2457 cet.
1099 2401 1483 2457 Lachmannus
1512 2402 1830 2471 aethraque.
1902 2400 2005 2455 hae

305 2487 489 2539 autem
513 2485 666 2553 ipsae
689 2500 780 2537 res
804 2486 958 2538 terra
979 2488 1040 2539 et
1061 2485 1285 2540 aethere
1310 2485 1597 2541 coniuncto
1622 2490 1889 2541 creantur.

411 2576 507 2625 941
581 2586 682 2639 pro
734 2582 1204 2639 convicini-mm&
1241 2572 1391 2640 quod
1434 2588 1503 2627 ex
1554 2572 1765 2627 ultimis
1804 2571 2007 2627 litteris

308 2654 540 2727 proximi
564 2670 754 2709 versus
778 2659 960 2710 ortum
987 2656 1219 2723 videtur,
1245 2657 1437 2726 scripsi
1460 2656 1826 2713 convenienti.

411 2744 512 2794 943
581 2755 680 2808 pro
739 2751 1108 2792 ANIMANTEM
1149 2752 1439 2801 QUAMQUE
1479 2752 1765 2795 TUENTUR
1842 2741 2007 2809 Hugo

309 2822 654 2878 Purmanuus
677 2824 734 2877 iu
761 2823 944 2879 Iahnii
965 2826 1145 2881 annal.
1166 2826 1351 2895 philol.
1365 2826 1467 2881 vol.
1487 2832 1553 2885 67
1586 2842 1643 2895 p.
1675 2830 1776 2886 673
1801 2826 2008 2895 optime

307 2910 607 2964 animante
629 2910 698 2964 in
719 2926 942 2979 quaque
964 2912 1203 2966 cientur.

415 3002 517 3051 963
587 2997 798 3051 servavi
823 3011 1183 3064 PRAETEREA,
1204 3014 1305 3068 pro
1320 3014 1428 3069 quo
1448 2998 2007 3066 Lachmannusprop-

310 3088 475 3135 terea.

422 3175 552 3224 1010
575 3188 692 3238 sqq.
765 3168 962 3222 horum
985 3183 1242 3221 versuum
1274 3180 1539 3220 conexum
1580 3166 1639 3217 ct
1662 3161 2004 3225 sententiam,
