2259 3550
1173 111 1279 168 111
1999 113 2074 169 65

60 212 183 289 ῑνῑαξῑ
348 231 534 270 monn
520 215 927 289 Qarvo
959 215 1174 294 possint
1207 215 1419 286 inpulsa
1455 215 1672 269 moveri

45 285 138 387 ξῖῗ
258 303 309 325 ⁹⁹
372 307 605 359 nunque
638 296 891 344 movetur
926 307 1069 358 aqua
1099 288 1163 344 et
1199 291 1416 344 tantillo
1453 291 1688 345 momine
1723 290 1886 346 flutat

333 367 571 435 -quippe
610 366 934 420 volubilibus
971 384 1099 435 pai-x
1102 385 1259 438 isque
1293 372 1477 422 creata
1511 368 1715 436 figuris
2005 381 2077 420 190

404 443 448 498 f
464 447 655 496 contra
688 443 865 496 mellis
898 445 1234 496 constantior
1269 449 1354 498 est
1387 449 1586 498 natura

368 522 431 572 et
465 519 606 586 pigri
643 519 831 572 latices
866 520 1041 586 magis
1077 516 1514 592 et'cunctanltior
1549 523 1734 586 actus3

255 594 261 605 ”
328 603 331 608 “
371 593 564 648 haeret
601 595 745 648 onim
782 596 927 648 inter
963 612 1021 649 se
1057 597 1232 663 magis
1269 597 1444 649 omnis
1479 597 1728 650 materiai

370 671 539 741 copia,
576 672 827 724 nimirum
868 673 998 739 quia
1031 689 1140 725 non
1177 676 1291 726 tam
1328 673 1538 726 levibus
1575 677 1730 727 extat

47 704 125 734 ›ut‹

36 756 97 800 a·
205 654 281 897 Ὗ
369 747 686 814 corporibus
723 764 897 816 neque
934 752 1048 802 tam
1086 748 1378 816 suptilibus
1415 754 1580 817 atque
1615 748 1884 802 rutundis
2004 764 2074 802 195

17 851 21 856 =
222 870 251 886 ,,
372 840 601 890 namque
637 825 925 892 papaveris
960 841 1093 877 aura
1128 828 1316 892 potest
1353 841 1614 893 suspensa
1648 825 1890 891 levisque

51 890 189 994 ἵζ’
231 908 289 983 ’ἐξ
370 916 565 968 cogere
601 907 663 952 ut
699 900 769 952 ab
805 917 1015 953 sununo
1052 900 1156 954 tibi
1191 900 1354 954 difflu
1345 905 1403 954 it
1439 901 1581 954 altus
1617 917 1856 954 acerv.us

62 1009 129 1042 ρ..
158 1010 231 1053 5
238 991 315 1050 μ
370 978 431 1028 at
466 981 657 1029 contra
690 977 934 1044 lapidum
970 977 1280 1030 conlectum
1314 977 1432 1045 ipse
1467 977 1616 1030 euru’
1655 993 1874 1030 movere

52 1061 217 1111 new·
201 1067 297 1101 «εν
368 1065 546 1104 noenu
584 1056 783 1120 potest.
820 1053 988 1120 igitur
1023 1053 1344 1122 parvissima
1379 1069 1609 1122 corpora
1645 1069 1908 1120 proquam

69 1110 293 1163 Νη
366 1130 428 1180 et
463 1127 733 1180 levissima
768 1133 907 1196 sunt,
944 1129 1025 1182 ita
1060 1128 1366 1182 mobilitate
1402 1129 1671 1181 fruuntur.
2001 1144 2074 1180 εον

48 1173 319 1256 ιφ
350 1206 427 1256 at
462 1209 655 1256 contra
688 1221 1057 1272 quaecumque
1092 1205 1264 1272 magis
1301 1221 1422 1258 cum
1459 1205 1702 1272 pondere
1737 1221 1934 1272 inagim

368 1295 667 1347 asperaque
704 1280 1067 1347 inveniuntur,
1103 1297 1168 1332 co
1206 1279 1450 1332 stabilita
1485 1280 1657 1348 magis
1695 1283 1836 1332 sunt.

367 1371 510 1408 nunc
543 1355 714 1422 igitur
749 1355 1003 1422 quoniam
1038 1362 1114 1408 est
1151 1355 1319 1408 animi
1353 1359 1554 1409 natura
1588 1358 1808 1423 reperta

368 1431 583 1483 mobilis
618 1434 851 1498 egregie,
890 1447 1154 1499 perquam
1189 1435 1442 1484 constare
1477 1435 1753 1484 necessest

368 1507 687 1576 corporibus
724 1507 906 1576 parvis
942 1512 1000 1560 ct
1035 1506 1244 1560 levibus
1279 1511 1444 1576 atque
1478 1507 1746 1560 rutundis.
1999 1521 2071 1559 207,

370 1599 509 1650 quae
547 1583 650 1636 tibi
687 1584 904 1651 cognita
938 1599 1027 1636 res
1063 1584 1117 1635 in
1158 1583 1356 1649 multis,
1395 1599 1426 1635 0
1462 1582 1617 1649 bone,
1653 1581 1818 1636 rebus

368 1659 521 1713 utilis
555 1659 861 1712 invenietur
898 1665 955 1712 et
992 1663 1300 1728 opportuna
1335 1657 1554 1712 cluebit.

370 1734 505 1789 haec
540 1751 753 1805 quoque
790 1752 878 1789 res
914 1737 1080 1789 ctiam
1117 1739 1371 1789 naturam
1409 1735 1629 1789 dedicat
1663 1734 1795 1803 cius,

368 1830 529 1880 quam
567 1814 719 1866 tenui
755 1818 972 1867 constet
1007 1818 1233 1866 textura
1267 1828 1538 1880 quamque
1573 1812 1692 1865 loco
1727 1828 1786 1865 se

368 1889 643 1942 contineat
679 1906 861 1957 parve,
898 1891 943 1942 si
979 1890 1152 1957 possit
1189 1888 1600 1955 conglomerari,
2001 1904 2072 1942 210

367 1965 513 2033 quod
548 1966 707 2018 simul
744 1970 911 2031 atque
948 1965 1222 2017 hominem
1258 1964 1357 2017 leti
1395 1980 1584 2017 secura
1618 1964 1774 2032 quies
1810 1972 1894 2017 est

369 2040 595 2107 indepta
628 2045 795 2108 atque
830 2040 994 2093 animi
1030 2044 1227 2092 natura
1263 2040 1585 2107 animaeque
1620 2040 1862 2106 recessit,

370 2116 445 2168 nil
480 2116 557 2169 ibi
593 2116 749 2169 liban
786 2134 822 2167 n
861 2116 931 2169 de
966 2120 1085 2169 toto
1121 2132 1350 2183 corpore
1385 2130 1574 2168 cernas

368 2190 442 2243 ad
479 2192 727 2259 speciem,
764 2192 949 2250 nil-ad'
987 2180 1228 2259 ponHus:
1266 2207 1412 2243 mors
1448 2191 1628 2243 onmia
1661 2195 1908 2256 praestat

370 2266 1481 2354 xmlmrin-quuo
1516 2282 1786 2334 vaporem.
2001 2283 2072 2322 215

372 2357 503 2407 ergo
540 2358 773 2393 annnam
809 2344 985 2394 totam
1020 2358 1300 2409 perparvls
1337 2357 1458 2393 esse
1493 2346 1768 2395 necessest

372 2417 681 2485 seminibus,
716 2434 910 2470 nexam
948 2435 1049 2487 per
1084 2434 1250 2471 venas
1285 2418 1492 2470 viscora
1526 2433 1749 2484 nervos3

370 2498 655 2561 quatenus,
692 2494 865 2546 omnis
899 2493 991 2547 ubi
1031 2510 1062 2547 e
1097 2497 1218 2547 toto
1256 2494 1361 2546 iam
1399 2509 1624 2561 corpore
1659 2495 1841 2563 cessit,

100 2586 181 2644 -“
370 2568 577 2623 extima
612 2569 976 2623 membrorum
1016 2571 1446 2646 circumcaesura
1479 2573 1664 2623 tamen
1699 2587 1759 2625 se
1844 2528 2128 2632 Μ

291 2667 300 2693 ι
371 2645 691 2699 incolumem
727 2649 973 2715 praestat
1008 2662 1107 2701 nec
1145 2646 1284 2700 defit
1317 2646 1576 2716 ponderis
1610 2646 1794 2701 hilum.
2003 2666 2076 2703 220

305 2722 309 2729 “
370 2721 518 2790 quod
552 2738 724 2789 genus
760 2726 847 2775 cst
882 2722 1085 2777 Bacchi
1121 2740 1244 2776 cum
1281 2722 1380 2785 flos
1415 2722 1636 2778 evanuit
1669 2728 1767 2778 aut
1800 2740 1922 2777 cum

22 2702 49 2894 l
91 2807 245 2864 ajo&
365 2798 595 2873 spiritus
630 2799 896 2865 unguenti
933 2800 1112 2853 suavis
1149 2800 1366 2867 diffugit
1400 2800 1456 2852 in
1491 2816 1654 2853 auras

368 2878 465 2929 aut
498 2876 680 2944 aliquo
716 2892 841 2928 cum
874 2876 981 2929 iam
1018 2893 1178 2930 sucus
1213 2877 1283 2929 de
1319 2892 1544 2944 corpore
1578 2876 1771 2941 cessit;
1832 2892 1838 2899 ·

366 2950 443 3003 nil
478 2952 647 3005 oculis
681 2954 867 3005 tamen
903 2968 1023 3006 esse
1057 2952 1236 3005 minor
1270 2968 1360 3005 res
1394 2952 1516 3020 ipsa
1549 2952 1768 3005 videtur

366 3031 659 3097 propterea
694 3044 870 3097 neque
907 3028 1218 3081 detractum
1255 3027 1326 3081 de
1359 3027 1601 3095 pondere
1636 3029 1943 3097 quicquam,
2001 3043 2074 3082 225

366 3104 620 3156 nimirum
656 3105 783 3172 quia
818 3104 991 3157 multa
1024 3105 1344 3172 minutaque
1379 3104 1587 3156 semina
1622 3121 1776 3157 sucos

367 3180 608 3233 efficiunt
644 3185 702 3233 et
736 3181 959 3233 odorem
995 3180 1051 3233 in
1087 3184 1210 3233 toto
1243 3196 1470 3249 corpore
1505 3181 1598 3233 rei.

375 3256 403 3299 9

96 2707 122 2722 -J
