2259 3550
176 107 289 163 156
993 101 1053 155 V

108 188 135 214 ⁹
147 206 299 276 „haec
334 207 541 260 animos
574 204 696 258 ollis
732 202 1043 258 mulcebant
1076 206 1246 270 atque
1281 201 1543 256 iuvabant
1779 215 1880 256 1300

109 309 122 350 ‚
166 299 292 337 cum
328 282 525 336 satiate
559 279 692 345 cibi;
728 295 855 333 nam
891 283 1009 334 tum
1044 279 1179 334 haec
1215 283 1342 334 sunt
1376 278 1558 332 omnia
1591 278 1759 332 cordi.

169 375 335 426 saepe
368 358 558 426 itaque
594 357 739 410 inter
774 373 833 410 se
868 356 1129 424 prostrati
1165 355 1222 408 in
1257 355 1502 422 gramine
1537 354 1687 408 molli

168 437 396 502 propter
432 448 605 500 aquae
639 432 811 487 rivom
848 432 950 484 sub
984 432 1153 485 ramis
1188 432 1399 485 arboris
1436 431 1582 486 altae

28 377 109 624 ᾧ
170 525 277 562 11011
311 509 522 576 magnis
557 507 749 577 opibus
784 507 1019 560 iucunde
1054 524 1287 576 corpora
1320 507 1614 575 habebant,

168 585 490 653 praesertim
526 600 652 638 cum
686 587 987 650 tempestas
1022 583 1240 636 ridebat
1275 586 1334 637 et
1368 583 1496 638 anni
1781 598 1878 637 1395

28 555 116 770 f
169 664 417 730 tempora
450 659 747 729 pingebant
781 658 1067 712 viridantis
1102 658 1328 713 floribus
1360 659 1574 714 herbas.

171 740 291 790 tum
324 737 457 804 ioca,
492 739 613 790 tum
648 751 842 802 sermo,
876 737 997 789 tum
1032 734 1224 790 dulces
1257 752 1380 790 esse
1415 737 1657 790 oechinni

171 815 512 868 consuerant.
546 811 779 880 agrestis
814 811 957 864 enim
992 815 1111 865 tum
1146 827 1304 865 musa
1338 812 1592 880 vigebat3

172 893 291 943 tum
326 891 495 958 caput
528 891 697 958 atque
730 904 948 941 umeros
981 888 1158 957 plexis
1193 889 1456 943 redimire
1489 889 1703 944 coronis

172 965 397 1018 floribus
432 968 491 1019 et
525 964 669 1018 foliis
703 963 921 1018 lascivia
954 964 1098 1017 laeta
1137 964 1410 1032 monebat,
1781 979 1878 1020 1400

174 1044 343 1108 atque
377 1045 537 1094 extra
570 1056 853 1094 numerum
891 1040 1194 1108 procedere
1229 1042 1476 1096 membra
1509 1046 1793 1098 moventes

174 1116 389 1170 duriter
411 1121 470 1170 et
505 1116 645 1169 duro
678 1118 883 1169 terram
918 1116 1061 1185 pede
1094 1116 1302 1185 pellere
1335 1123 1599 1184 matrem3

173 1193 321 1246 unde
354 1192 671 1246 oriebantur
704 1193 847 1246 risus
882 1191 1178 1260 dulcesque
1213 1194 1478 1262 cachinni,

173 1270 353 1323 omnia
386 1268 535 1338 quod
569 1285 709 1323 nova
744 1272 862 1322 tum
896 1270 1069 1337 magis
1104 1269 1240 1324 haec
1275 1275 1334 1324 et
1369 1272 1510 1325 mira
1543 1273 1814 1342 vigebant.

174 1350 233 1399 et
268 1346 619 1414 vigilantibus
652 1345 777 1399 hinc
812 1345 1044 1400 aderant
1080 1346 1278 1400 solacia
1313 1349 1499 1416 somni,
1782 1365 1878 1404 1105

176 1421 376 1476 ducere
410 1421 747 1475 multimodis
780 1438 941 1476 voces
976 1426 1036 1476 et
1070 1422 1293 1477 flectere
1329 1428 1522 1479 cantus

174 1501 235 1552 et
270 1515 466 1567 supera
500 1497 733 1551 calamos
768 1514 905 1552 unco
938 1515 1262 1566 percurrere
1296 1500 1479 1567 labr0;

172 1573 319 1628 unde
354 1574 519 1627 etiam
554 1573 746 1641 vigiles
778 1590 921 1626 nunc
956 1573 1091 1628 haec
1124 1579 1350 1644 accepta
1384 1580 1612 1632 tuentur

176 1655 235 1705 et
269 1667 556 1705 numerum
593 1666 811 1704 servare
846 1667 1037 1704 recens
1072 1651 1332 1720 didicere,
1368 1670 1548 1722 neque
1581 1654 1694 1709 hilo

176 1728 435 1782 maiorem
470 1726 685 1780 interea
716 1726 939 1796 capiunt
972 1726 1262 1782 dulcedini’
1299 1729 1537 1785 fructum
1783 1744 1880 1786 1410

179 1820 343 1874 quam
380 1804 628 1857 silvestre
662 1820 835 1870 genus
868 1803 1121 1873 capiebat
1156 1805 1570 1873 terrigenarum.

178 1898 303 1935 nam
339 1879 488 1950 quod
523 1878 683 1933 adest
716 1883 955 1949 praestO,
988 1880 1093 1933 nisi
1128 1880 1264 1949 quid
1297 1883 1646 1949 cognovimus
1681 1888 1810 1940 ante

178 1957 409 2024 suavius,
444 1957 501 2010 in
537 1955 730 2024 primis
765 1956 945 2024 placet
980 1959 1038 2010 et
1072 1956 1280 2025 pollere
1315 1958 1550 2026 videtur,

180 2032 557 2103 posteriorque
591 2031 709 2086 fere
742 2032 936 2085 melior
968 2049 1057 2085 res
1092 2031 1188 2085 illa
1221 2036 1444 2101 reperta

177 2109 362 2179 perdit
397 2112 456 2163 et
490 2108 747 2163 immutat
782 2124 971 2161 sensus
1006 2107 1079 2161 ad
1114 2108 1348 2176 pristina
1383 2126 1646 2180 quaeque.
1787 2127 1884 2166 1415

178 2187 255 2239 sic
290 2184 476 2239 odium
512 2184 694 2253 coepit
727 2183 956 2252 glandis,
994 2184 1071 2237 sic
1106 2184 1201 2237 illa
1234 2185 1431 2239 relicta

179 2265 354 2316 strata
388 2260 588 2315 cubilia
623 2264 753 2314 sunt
786 2259 969 2313 herbis
1002 2263 1061 2313 et
1095 2259 1383 2314 frondibus
1417 2266 1592 2317 aucta.

122 2312 338 2483 &eliis
372 2338 505 2392 item
542 2330 737 2391 cecidit
772 2336 939 2389 vestis
974 2339 1291 2405 contempta
1323 2338 1559 2404 ferinae;

216 2433 339 2468 uam
375 2431 500 2468 reor
544 2413 748 2466 invidia
782 2412 881 2465 tali
915 2415 1047 2465 tunc
1080 2428 1202 2466 esse
1237 2417 1529 2482 repertam,

43 2378 139 2580 ὃ
178 2497 242 2545 ut
276 2491 447 2545 letum
482 2490 691 2543 insidiis
726 2490 819 2557 qui
854 2488 1026 2556 gessit
1060 2489 1269 2556 primus
1303 2489 1497 2559 obiret,
1789 2506 1887 2547 1420

180 2572 238 2621 et
274 2572 459 2621 tamen
494 2566 641 2620 inter
675 2583 769 2619 eos
804 2564 1126 2619 distractam
1163 2566 1424 2634 sanguine
1459 2566 1632 2621 multo

182 2643 495 2714 disperiisse
528 2658 707 2712 neque
739 2642 798 2695 in
830 2643 1070 2695 fructum
1106 2646 1426 2697 convertere
1459 2643 1658 2712 quisse.

182 2724 312 2774 tunc
345 2720 533 2788 igitur·
548 2718 735 2787 pelles,
771 2735 915 2772 nunc
949 2734 1141 2771 aurum
1177 2722 1238 2772 et
1271 2735 1514 2787 purpura
1548 2720 1694 2774 curis

181 2800 442 2851 exercent
474 2795 751 2850 hominum
785 2794 955 2849 vitam
989 2793 1245 2863 belloque
1278 2795 1540 2863 fatigant3

180 2890 289 2943 quo
324 2873 497 2941 magis
532 2872 589 2925 in
624 2870 795 2939 nobie,
831 2875 895 2926 ut
930 2871 1136 2940 opinor,
1169 2872 1329 2942 culpa
1361 2872 1582 2927 resedit.
1793 2886 1890 2932 142⁵

178 2949 355 3016 frigus
391 2949 533 3002 enim
572 2948 749 3002 nudos
784 2947 901 3002 sine
934 2948 1170 3016 pellibus
1205 2948 1554 3003 excruciabat

183 3024 514 3090 terrigenas3
550 3027 609 3077 at
642 3039 742 3077 nos
776 3023 854 3077 nil
889 3024 1063 3077 laedit
1096 3026 1253 3077 veste
1287 3040 1475 3078 carere

183 3114 459 3167 purpurea
493 3102 663 3167 atque
698 3116 833 3154 auro
870 3100 1148 3168 signisque
1181 3100 1499 3169 ingentibus
1532 3104 1680 3170 apta,

186 3173 318 3226 dum
354 3172 571 3242 plebeia
603 3179 786 3230 tamen
826 3177 896 3229 sit
933 3192 1073 3245 quae
1109 3175 1406 3229 defendere
1441 3177 1626 3244 possit.
