2259 3550
95 463 182 500 ιιι.

51 513 234 580 long-e

1144 122 1173 177 I
1970 127 2001 185 7

303 222 454 276 unde
489 223 724 278 animale
755 239 932 292 genus
965 225 1275 293 generatim
1309 225 1365 280 in
1402 225 1606 280 lumina
1640 227 1790 282 vitae

303 298 562 352 redducit
597 298 802 366 Venus,
837 303 938 354 aut
969 299 1303 356 redductum
1338 301 1571 356 daedala
1602 303 1768 358 tellus

300 374 450 428 unde
485 375 533 428 a'
541 376 583 429 it
620 378 790 444 atque
825 379 994 444 auget
1025 379 1333 444 generatim
1370 379 1571 448 pabula
1608 380 1913 448 praebens?

297 451 450 505 unde
485 466 652 516 mare,
689 453 946 518 ingenuei
983 453 1165 508 fontes
1202 459 1539 524 externaque
1575 454 1730 530 large
1854 493 1865 513 ,
1938 472 2138 579 mdia„-
2206 519 2217 526 ,

299 527 524 580 flumina
557 528 945 596 suppeditant}
981 529 1126 582 unde
1162 530 1355 584 aether
1390 531 1573 586 sidera
1607 532 1818 600 pascit?
1840 540 1981 592 ‘eus
1830 575 2106 703 ΜΞ
2016 527 2222 634 “bv-C

299 603 482 658 omnia
517 603 661 658 enim
699 603 840 658 debe
827 609 881 668 t,
917 605 1139 659 mortali
1175 623 1405 676 corpore
1440 625 1582 676 quae
1618 613 1765 676 sunt,

296 679 514 733 infinita
549 682 702 732 aetas
737 696 1060 750 consumpse
1095 687 1353 737 anteacta
1388 683 1629 752 diesque.

296 755 450 824 quod
485 755 532 810 si
567 756 622 810 in
659 773 724 810 eo
761 758 936 824 spatio
973 761 1143 826 atque
1178 763 1433 814 anteacta
1467 763 1651 816 aetate
1684 653 2233 890 fueram

296 850 328 886 c
365 833 566 901 quibus
601 831 737 886 haec
771 849 955 888 rerum
990 835 1243 890 consistit
1280 851 1491 889 summa
1526 837 1747 902 refecta,

295 909 572 962 inmortali
607 913 736 963 sunt
769 913 970 964 natura
1001 910 1257 979 praedita
1292 915 1459 979 certe,

295 985 432 1039 haut
467 985 637 1053 igitur
669 989 898 1054 possunt
933 986 1006 1039 ad
1039 988 1212 1041 nilum
1249 1004 1499 1057 quaeque
1534 990 1753 1045 reverti.

296 1060 534 1130 denique
569 1077 660 1115 res
694 1062 870 1115 omnis
906 1063 1102 1117 eadem
1139 1064 1221 1116 vis
1256 1081 1531 1134 causaque
1566 1066 1727 1136 volgo
1788 1059 2009 1114 ΛΑΜ
2044 1057 2211 1114 ἦθ’*

296 1138 603 1204 conficeret,
641 1138 744 1191 nisi
782 1139 1042 1192 materies
1078 1145 1305 1194 aeterna
1341 1144 1575 1209 teneret,
1777 1149 1875 1182 Μ
1898 1119 2087 1173 ΛΜ

297 1214 442 1268 inter
477 1231 538 1268 se
575 1231 720 1268 nexu
756 1215 936 1268 minus
970 1219 1068 1268 aut
1103 1217 1275 1284 magis
1312 1217 1648 1286 indupedita.
1760 1118 2171 1432 ff

297 1293 481 1344 tactus
518 1290 662 1344 enim
698 1290 797 1344 leti
833 1292 967 1346 satis
1004 1296 1155 1346 esset
1188 1309 1352 1346 causa
1386 1295 1648 1361 profecto,

1706 1387 1827 1426 rum

298 1366 502 1435 quippe
538 1365 634 1420 nbi
671 1368 821 1421 nulla
855 1368 1038 1422 forent
1072 1372 1297 1423 aeterno
1332 1387 1413 1422 col
1415 1386 1559 1438 ·porc
1595 1388 1705 1440 quo

296 1447 614 1497 contextum
652 1444 731 1497 vis
767 1444 1004 1499 deberet
1039 1445 1337 1499 dissolvere
1375 1462 1638 1534 quaeque.

295 1521 356 1572 at
391 1535 546 1587 nunc,
583 1520 729 1574 inter
764 1537 826 1574 se
859 1521 992 1590 quia
1025 1538 1202 1576 nexus
1235 1522 1623 1591 principiorum

295 1595 588 1648 dissimiles
623 1600 876 1651 constant
908 1601 1245 1666 aeternaque
1280 1599 1536 1652 materies
1573 1603 1673 1666 est,

295 1671 548 1724 incolumi
586 1678 872 1728 remanent
909 1690 998 1728 res
1033 1691 1278 1744 corpore,
1316 1675 1447 1728 dum
1486 1675 1619 1730 satis
1654 1693 1746 1731 acr

295 1748 376 1802 vis
413 1747 577 1803 obeat
610 1765 711 1818 pro
747 1754 971 1805 textura
1005 1750 1269 1821 cuiusque
1304 1755 1537 1821 reperta.

295 1824 442 1878 haud
479 1824 650 1893 igitur
688 1826 834 1879 redit
869 1827 943 1879 ad
977 1827 1149 1881 nilum
1184 1844 1275 1881 res
1311 1828 1433 1891 ulla,
1470 1829 1565 1883 sed
1604 1788 2089 1902 omnesffl

295 1900 526 1954 discidio
562 1901 800 1955 redeunt
833 1903 888 1955 in
925 1920 1153 1971 corpora
1188 1904 1457 1958 materiai.

296 1980 572 2065 postremo
606 1983 842 2045 pereunt
876 1978 1096 2043 imbrem
1131 1979 1227 2032 ubi
1263 1996 1357 2033 eos
1390 1983 1550 2048 pater
1583 1957 1817 2109 aether;²

295 2054 350 2105 in
385 2054 652 2121 gremium
689 2054 880 2108 matris
914 2056 1084 2109 terrai
1122 2056 1536 2125 praecipitavit3
1810 1854 2243 2320 {Z
2187 2052 2227 2141 ᾗ

295 2137 354 2183 at
387 2129 596 2183 nitidae
633 2132 864 2197 surgunt
899 2130 1086 2198 fruges
1121 2132 1371 2199 ramique
1407 2120 1725 2187 xirescuntl

296 2205 594 2271 arboribus,
629 2211 884 2261 creseunt
918 2206 1070 2275 ipsae
1103 2208 1333 2276 fetuque
1369 2188 1740 2275 gravantur3

294 2282 418 2335 hinc
452 2281 620 2335 alitur
653 2298 816 2349 porro
851 2288 1097 2336 nostrum
1132 2300 1306 2350 genus
1342 2288 1509 2351 atque
1542 2198 1833 2350 ferarum?6

293 2358 421 2411 lunc
455 2357 628 2411 laetas
663 2356 830 2412 urbes
863 2359 1050 2447 pueris
1083 2360 1279 2412 florere
1314 2359 1563 2412 videmus
1924 2376 1996 2416 255

291 2434 730 2503 frondiferasque
765 2436 920 2489 novis
956 2436 1145 2488 axibus
1182 2452 1377 2489 canere
1412 2436 1657 2503 undique
1694 2435 1886 2502 silvas;

291 2511 418 2564 hinc
451 2510 628 2563 fessae
664 2510 904 2578 pecudes
939 2511 1124 2579 pingui
1163 2527 1263 2579 per
1297 2511 1499 2579 pabula
1533 2512 1681 2565 laeta

290 2602 518 2655 corpora
553 2586 836 2654 deponunt
870 2591 928 2641 ct
963 2587 1201 2641 candens
1236 2588 1445 2642 lacteus
1478 2604 1636 2641 umor

289 2662 551 2717 uberibus
586 2666 774 2717 manat
809 2664 1095 2728 distentis3
1143 2664 1267 2717 hinc
1304 2680 1443 2718 nova
1477 2665 1659 2734 proles

289 2738 520 2793 artubus
554 2739 784 2792 infirmis
819 2742 1038 2792 teneras
1072 2739 1271 2793 lasciva
1306 2757 1408 2810 per
1442 2740 1643 2795 herbas
1923 2756 1995 2795 260

287 2815 428 2868 ludit
463 2814 607 2868 lacte
643 2830 795 2869 mero
830 2818 1042 2869 mentes
1075 2816 1329 2883 perculsa
1362 2817 1614 2870 novellas.

287 2892 433 2945 haud
468 2891 637 2959 igitur
672 2892 890 2957 penitus
925 2896 1159 2959 percunt
1196 2908 1571 2961 quaecumque
1607 2892 1878 2960 videntur,
1963 2892 1991 2937 Β

288 2968 507 3037 quando
544 2967 656 3021 alid
694 2984 762 3021 cx
799 2968 905 3021 alio
942 2968 1120 3021 reficit
1156 2974 1355 3022 natura
1388 2984 1489 3021 nec
1525 2968 1689 3021 ullam
2008 2966 2243 3063 N

285 3060 402 3096 rem
435 3044 587 3111 gigni
623 3044 830 3111 patitur
863 3043 968 3097 nisi
1002 3048 1183 3097 morte
1216 3045 1409 3099 adiuta
1442 3044 1629 3098 aliena

353 3120 404 3172 N
409 3136 514 3173 unc
547 3136 666 3188 age,
703 3137 792 3173 res
827 3121 1081 3189 quoniam
1116 3120 1277 3174 docui
1314 3138 1418 3174 non
1455 3138 1614 3189 posse
1648 3120 1824 3174 creari

285 3194 356 3248 de
391 3196 501 3248 nilo
534 3211 716 3263 neque
749 3197 884 3249 item
917 3196 1132 3262 genitas
1168 3196 1239 3248 ad
1276 3196 1351 3249 nil
1385 3196 1640 3259 revocari,
1685 3134 2243 3311 ffdssffissffl

1649 3288 1985 3340 maun-bh:

1588 3344 1953 3407 &mlta-2·-

1566 3425 1917 3503 ‘mm
