2259 3550
235 75 308 140 10
786 114 803 124 s
1018 73 1048 128 1

29 155 352 234 minc
388 180 572 230 tamen
609 193 729 231 esse
763 177 892 230 licet
926 193 1052 230 raro
1087 192 1212 229 cum
1240 191 1475 244 corpore
1510 191 1717 230 cernas.

77 259 87 270 “’
193 253 285 315 ‘sin
320 253 468 306 saxis
505 269 568 306 ac
603 253 875 322 speluncis
907 254 1197 322 permanat
1232 268 1497 320 aquarum

29 306 468 397 Qwffiquidus
504 346 662 384 umor
696 334 755 383 et
791 329 1049 383 uberibus
1085 329 1220 382 flent
1249 329 1432 382 omn-ia
1464 329 1657 396 guttis,

29 399 197 466 σῶμα.
206 405 462 481 ,ρὶεείραῐ
496 406 553 458 in
590 422 786 475 corpus
823 423 943 460 sese
979 405 1135 460 cibus
1170 421 1333 459 omne
1368 405 1720 459 animantum.
1862 421 1934 460 350

30 481 212 579 {aas
227 485 479 536 crescunt
515 481 742 535 arbusta
776 486 834 536 et
868 481 1017 536 fetus
1052 483 1107 535 in
1144 485 1393 550 tempore
1430 481 1701 550 fundunt,

227 558 375 625 quod
411 558 565 612 cibus
600 559 656 612 in
693 561 837 612 totas
873 575 1046 628 usque
1083 558 1154 612 ab
1190 557 1464 612 radicibus
1496 558 1621 612 imis

198 649 328 701 per
362 637 585 688 truncos
621 651 684 688 ac
717 652 819 702 per
854 651 1034 688 ramos
1070 633 1400 688 diffunditur
1435 635 1622 688 omnis.

227 710 372 764 inter
408 715 598 778 saepta
632 715 818 764 meant
853 727 1012 764 voces
1048 713 1107 764 et
1142 711 1325 764 clausa
1360 710 1645 764 domorum

227 786 625 853 transvolitant,
662 787 897 854 rigidum
929 790 1219 854 permanat
1254 786 1429 854 frigus
1463 787 1536 840 ad
1572 803 1709 840 ossa.
1860 801 1932 840 355

227 862 378 930 quod
413 879 466 914 ni
454 861 515 915 si
550 863 729 916 inania
764 864 888 930 sint,
927 880 1036 932 qua
1070 863 1281 930 possint
1314 879 1541 931 corpori
1577 879 1827 933 quaeque

92 964 163 1030 χ
227 938 497 993 transii-02
545 938 692 991 haud
729 939 839 992 ulla
872 939 992 992 fieri
1029 940 1243 992 ratione
1281 937 1510 992 videres,

92 1003 186 1071 Χ
227 1013 465 1082 denique
501 1031 597 1067 cur
633 1015 765 1068 alias
800 1014 919 1068 aliis
955 1019 1239 1083 praestare
1275 1014 1524 1068 videmus

29 1077 212 1218 35]AE
226 1090 470 1157 pondere
505 1107 597 1144 res
633 1091 798 1144 rebus
832 1090 943 1143 nilo
980 1091 1185 1144 maiore
1221 1092 1433 1159 figura?

211 1178 352 1242 mam
391 1167 435 1219 si
469 1167 849 1221 tantundemst
884 1167 940 1220 in
974 1167 1128 1220 lanae
1166 1168 1408 1235 glomere
1445 1170 1709 1236 quantum
1856 1183 1930 1221 360

29 1222 201 1286 ΨΜ
226 1243 434 1311 corpo)
419 1260 466 1296 1s
501 1243 556 1295 in
593 1243 814 1311 plumbo
851 1247 950 1312 est,
985 1243 1313 1297 tantundem
1349 1244 1591 1312 pendere
1624 1259 1723 1312 par
1758 1247 1859 1310 est,

29 1286 228 1379 2220·AE
258 1319 468 1387 orporis
504 1319 792 1373 officiumst
827 1319 1082 1388 quoniam
1119 1336 1371 1388 premere
1407 1319 1588 1373 omnia
1624 1319 1893 1388 deorsum,

29 1375 209 1437 ΜΨ*
259 1401 417 1448 ontra
452 1401 637 1449 autem
673 1400 870 1448 natura
905 1399 1091 1450 manet
1126 1395 1242 1449 sino
1277 1395 1521 1464 pondere
1556 1395 1745 1448 inanis.

29 1451 189 1498 ΜΛ
227 1488 358 1538 ergo
395 1472 543 1539 quod
581 1475 893 1539 magnumst
927 1488 1105 1540 aeque
1143 1472 1425 1540 leviusque
1460 1472 1697 1538 videtur,

228 1547 481 1600 nimirum
518 1546 641 1615 plus
677 1563 798 1601 esse
835 1547 938 1601 sibi
975 1548 1220 1602 declarat
1254 1548 1459 1612 inanis;
1854 1563 1927 1600 365

227 1628 284 1676 at
321 1627 512 1677 contra
546 1624 766 1691 gravius
800 1624 923 1692 plus
957 1625 1013 1677 in
1049 1641 1108 1676 se
1146 1625 1387 1692 corporis
1424 1641 1541 1677 esse

227 1699 446 1753 dedicat
481 1703 539 1754 et
575 1700 747 1753 multo
782 1700 936 1752 vacui
972 1700 1153 1754 minus
1189 1701 1338 1753 intus
1375 1699 1591 1754 habere.

225 1782 310 1829 cst
346 1777 515 1844 igitur
549 1778 800 1830 nimirum
837 1775 898 1829 id
933 1777 1080 1845 quod
1117 1778 1329 1832 ratione
1368 1778 1545 1845 sagaci

123 1872 180 1926 χ,
224 1855 549 1923 quaerimus,
585 1853 888 1908 admixtum
927 1852 1106 1922 rebuS‚
1144 1854 1290 1922 quod
1327 1854 1489 1907 inane
1519 1870 1785 1907 vocamus,

29 1938 109 2052 Q
140 1927 217 2007 (A
243 2025 250 2083 Ε
292 1930 441 1983 Illud
475 1930 530 1983 in
567 1930 651 1983 his
686 1930 852 1983 rebus
887 1947 956 1985 ne
994 1933 1050 1984 te
1088 1930 1361 1983 deduc-cre
1397 1946 1527 1983 vero
1851 1946 1925 1985 370

29 2026 205 2090 affl
261 2006 410 2072 ossit,
448 2005 598 2074 quod
634 2006 856 2075 quidam
893 2007 1122 2074 fingunt,
1160 2022 1515 2074 praecurrere
1552 2024 1726 2075 cogor.

29 2099 168 2159 W
222 2083 419 2173 dedere
455 2083 814 2152 squamigeris
847 2084 1039 2137 latices
1075 2082 1380 2136 nitentibus
1414 2083 1568 2137 aiunt

29 2150 186 2211 aaa,
314 2160 552 2228 liquidas
587 2160 800 2227 aperire
836 2159 964 2227 viaS,
1001 2160 1127 2227 quia
1162 2164 1287 2227 post
1323 2159 1442 2212 loca
1475 2160 1649 2227 pisces

29 2164 485 2305 '‘sudw'gjtiquant,
523 2245 632 2304 quo
668 2236 876 2303 possint
911 2236 1170 2289 cedentes
1206 2235 1477 2289 confluere
1513 2236 1707 2289 undae.

221 2313 298 2365 sic
333 2313 466 2365 alias
503 2328 720 2381 quoque
755 2329 844 2365 res
880 2313 1026 2365 inter
1061 2330 1119 2365 se
1156 2328 1313 2379 posse
1350 2313 1555 2366 moveri
1848 2328 1921 2368 375

221 2393 278 2442 ct
311 2390 530 2443 mutare
565 2389 757 2457 locum,
792 2390 1036 2458 quamvis
1074 2389 1185 2442 sint
1220 2389 1399 2443 omnia
1434 2389 1607 2458 plena.

221 2466 428 2519 scilicet
461 2466 520 2519 id
557 2466 692 2519 falsa
725 2470 905 2520 totum
942 2467 1153 2519 ratione
1189 2470 1540 2534 receptnmst.

221 2559 344 2594 nam
381 2557 490 2609 quo
527 2542 854 2609 squamigeri
891 2547 1155 2610 poterunt
1189 2541 1485 2609 procedere
1520 2542 1759 2610 tandem,

220 2618 274 2669 ni
313 2619 550 2685 spatium
587 2616 845 2670 dederint
878 2617 1098 2671 latices?
1136 2618 1435 2671 concedere
1472 2635 1633 2685 porro

219 2709 329 2761 quo
365 2695 628 2762 poterunt
664 2693 858 2759 undae,
894 2709 1016 2745 cum
1053 2693 1233 2761 pisces
1268 2694 1350 2746 ire
1385 2692 1727 2761 nequibunt?
1848 2710 1919 2747 350

217 2772 314 2822 aut
347 2768 517 2837 igitur
551 2771 704 2820 motu
738 2768 1118 2836 privandumst
1156 2785 1383 2837 corpora
1419 2785 1669 2837 quaeque

217 2849 314 2898 aut
350 2861 470 2898 esse
505 2844 809 2898 admixtum
847 2845 1199 2899 dicundmnst
1235 2845 1399 2898 rebus
1436 2846 1593 2898 inane

34 2966 73 3005 ,t
220 2921 364 2974 unde
401 2921 598 2976 initum
631 2921 867 2989 primum
904 2922 1084 2990 capiat
1121 2938 1211 2975 res
1246 2938 1495 2990 quaeque
1531 2922 1811 2989 movendi„

29 3020 153 3057 νου·-
216 3000 496 3067 postremo
533 2998 642 3049 duo
680 2998 750 3051 de
787 3016 1049 3051 concursu
1085 3015 1313 3067 corpora
1348 2999 1460 3051 lata

43 3071 100 3107 W
141 3063 267 3125 *si
298 3073 407 3127 cita
442 3072 728 3142 dissiliant,
762 3091 961 3144 nempe
997 3092 1092 3129 aer
1127 3092 1289 3128 omne
1322 3080 1613 3143 necessest,
1843 3096 1915 3134 335

41 3130 190 3228 0⁸2
215 3149 360 3203 inter
394 3164 623 3218 corpora
658 3150 806 3218 quod
841 3150 952 3215 fiat,
988 3151 1235 3219 possidat
1270 3153 1443 3205 inane

58 3235 302 3285 ,εὔιατΛ
