2259 3550
1120 122 1220 180 VI
1899 131 1999 188 179

306 223 511 291 quippe
545 219 749 277 etenim
782 221 959 292 primo
994 223 1150 290 quasi
1183 225 1456 293 quendam
1491 228 1701 282 conciet
1737 233 1965 286 aestum.

305 299 579 368 posterius
612 297 679 352 fit
712 299 811 364 uti,
848 315 971 352 cum
1004 299 1115 352 iam
1152 299 1402 354 cecidere
1438 301 1637 357 veneni

301 378 359 430 in
392 376 559 430 fontis
594 375 756 444 ipsos,
790 374 867 428 ibi
904 376 977 430 sit
1012 391 1234 445 quoque
1269 377 1382 430 vita
1417 379 1687 435 vomenda

302 458 597 522 propterea
630 451 780 520 quod
812 467 1013 519 magna
1044 453 1176 505 mali
1211 453 1278 507 fit
1311 453 1468 522 copia
1501 455 1719 512 circum.

374 529 469 584 Fit
480 544 699 598 quoque
711 532 775 582 ut
790 527 1065 581 interdum
1084 528 1166 581 vis
1180 528 1318 582 haec
1342 533 1508 596 atque
1517 535 1704 587 aestus
1715 534 1922 588 Averni
1937 551 2010 589 830

300 621 445 674 aera,
481 605 574 674 qui
608 606 758 659 inter
790 605 905 658 avis
939 607 1230 671 cumquest
1265 608 1580 674 terramque
1617 607 1842 674 locatim,

302 680 572 746 discutiat,
607 698 783 752 prope
814 681 901 735 uti
936 679 1083 734 locus
1118 679 1208 734 hic
1242 679 1523 750 linquatur
1557 683 1744 739 inanis.

300 758 453 811 cuius
489 756 583 811 ubi
617 775 650 812 e
683 758 906 826 regione
940 757 1043 811 loci
1078 773 1279 811 venere
1313 758 1576 822 volantes,

299 833 570 889 claudicat
604 834 882 904 extemplo
916 833 1206 901 pinnarum
1241 833 1395 887 nisus
1427 834 1604 889 inanis

300 912 358 963 et
392 925 653 966 conamen
688 911 969 979 utrimque
1002 910 1212 964 alarum
1248 909 1502 979 proditur
1534 927 1706 966 omne.
1933 930 2004 967 ase

298 983 391 1039 hic
423 985 521 1040 ubi
554 987 728 1040 nixari
764 991 1043 1056 nequeunt
1076 987 1444 1055 insistereque
1476 986 1592 1053 aiis,

298 1062 508 1117 scilieet
541 1063 596 1116 in
630 1066 839 1118 terram
876 1061 1059 1117 delabi
1094 1063 1342 1132 pondere
1376 1063 1522 1131 cogit

298 1141 507 1207 natura,
544 1141 603 1194 et
637 1154 869 1194 vacuum
902 1155 1075 1208 prope
1106 1140 1216 1192 iam
1251 1155 1352 1208 per
1385 1140 1545 1193 inane
1579 1140 1820 1197 iacentes

296 1211 621 1284 dispergunt
656 1215 863 1269 animas
897 1231 998 1282 per
1032 1215 1214 1269 caulas
1246 1215 1486 1283 corporis
1521 1216 1709 1272 omnis.

1118 1309 1149 1342 δίε

291 1364 543 1434 frigidior
577 1383 743 1437 porro
776 1369 833 1421 in
866 1368 1052 1437 puteis
1084 1370 1298 1422 aestate
1333 1366 1399 1419 fit
1433 1383 1606 1433 umor,
1925 1386 1998 1426 aio

293 1443 523 1497 rarescit
557 1443 685 1512 quia
719 1446 870 1497 terra
903 1442 1083 1498 calore
1118 1446 1179 1497 et
1215 1443 1422 1496 semina
1457 1442 1644 1510 siquae

289 1519 435 1574 forte
469 1520 685 1588 vaporis
718 1518 889 1574 habet
921 1519 1141 1589 proprii,
1179 1517 1413 1572 dimittit
1446 1518 1504 1571 in
1539 1533 1714 1574 auras·

292 1611 401 1664 quo
436 1596 611 1664 magis
646 1600 734 1651 est
767 1595 940 1664 igitur
969 1595 1138 1651 tellus
1172 1594 1336 1649 effeta
1373 1593 1565 1662 calore,
1749 1619 1754 1623 ·

292 1671 366 1725 fit.
390 1688 609 1742 quoque
641 1672 899 1740 frigidior
934 1672 1028 1742 qui
1061 1671 1120 1725 in
1155 1672 1362 1726 terrast
1399 1669 1620 1724 abditus
1655 1687 1823 1726 umor.

286 1746 495 1817 frigore
530 1765 652 1804 eum
688 1748 959 1819 premitur
994 1764 1158 1819 porro
1194 1746 1370 1801 omnis
1405 1749 1556 1801 terra
1589 1747 1809 1817 coitque
1919 1765 1992 1805 815

288 1827 349 1878 et
383 1826 539 1893 quasi
574 1827 888 1893 concrescit,
924 1825 990 1879 fit
1026 1824 1238 1879 seilicet
1271 1828 1336 1878 ut
1371 1823 1614 1877 coeundo

288 1902 562 1969 exprimat
596 1902 652 1953 in
688 1905 884 1969 puteos
920 1901 966 1954 si
1002 1916 1170 1967 quem
1202 1900 1350 1967 gerit
1382 1900 1499 1966 ipsa
1533 1898 1779 1953 calorem.
1827 1923 1948 2015 F

238 1986 248 1995 ·
358 1978 495 2039 Esse
530 1976 679 2043 apud
719 1975 1041 2029 Hammonis
1074 1975 1262 2029 fanum
1297 1974 1418 2027 fons
1452 1974 1572 2027 luce
1653 1975 1805 2029 'urna

282 2050 1151 2181 fngidemurno
1185 2052 1436 2116 tempore
1471 2049 1660 2104 fertur.
1787 1968 2200 2222 ‘bair-Q

284 2126 429 2181 hunc
502 2127 710 2181 omines
742 2126 950 2181 fontem
974 2114 1144 2179 ‘ffiifiis
1179 2124 1521 2181 admirantur
1555 2130 1614 2180 et
1649 2127 1760 2180 acri
1913 2141 1987 2180 sto
2198 2180 2199 2191 ¹

284 2202 397 2258 sole
431 2206 633 2273 putant
668 2206 859 2272 supter
892 2205 1071 2256 terras
1105 2202 1408 2255 fervescere
1442 2202 1658 2272 raptim,

282 2294 391 2331 nox
425 2279 523 2333 ubi
558 2277 794 2334 terribili
830 2281 1006 2333 terras
1043 2276 1276 2345 caligine
1311 2277 1468 2331 texit.

284 2353 431 2420 quod
463 2354 627 2408 nimis
661 2370 695 2407 a
728 2357 913 2407 verast
948 2354 1107 2421 longe
1145 2353 1355 2407 ratione
1389 2356 1675 2407 remotum.

281 2429 486 2499 quippe
520 2428 617 2482 ubi
651 2429 729 2483 sol
766 2428 973 2482 nudum
1008 2432 1357 2483 contractans
1392 2444 1590 2497 corpus
1625 2430 1782 2497 aquai

280 2522 387 2560 non
422 2505 625 2575 quierit
659 2504 895 2559 calidum
931 2522 1129 2575 supera
1164 2505 1236 2559 de
1269 2504 1504 2559 reddere
1538 2510 1713 2575 parte,
1909 2521 1976 2558 scs

280 2595 403 2635 eum
440 2596 698 2651 superum
734 2582 915 2635 lumen
952 2584 1107 2635 tanto
1145 2581 1358 2637 fervore
1390 2582 1622 2649 fruatur,

278 2656 375 2726 qui
410 2660 577 2727 queat
611 2657 699 2712 hie
736 2660 929 2727 supter
965 2662 1078 2711 tam
1114 2672 1298 2712 crasso
1333 2673 1560 2727 corpore
1594 2661 1800 2711 terram

278 2748 615 2803 pei-coquere
648 2748 893 2788 umorem
930 2737 990 2788 et
1023 2732 1203 2789 calido
1237 2733 1440 2788 satiare
1463 2736 1710 2802 ‚vaporei

276 2807 599 2879 praesertim
633 2826 758 2864 cum
792 2810 885 2863 vix
918 2810 1093 2879 possit
1124 2826 1226 2879 per
1259 2813 1452 2881 saepta
1485 2808 1770 2865 domorum

274 2884 553 2940 insinuare
588 2902 745 2940 suum
779 2884 949 2941 radiis
982 2885 1306 2941 ardentibus
1339 2890 1565 2941 aestum.
1720 2914 1726 2921 -
1903 2902 1974 2937 scu

276 2976 417 3029 quae
450 2961 651 3017 ratiost
684 2962 889 3031 igitur?
926 2963 1180 3016 nimirum
1215 2965 1367 3017 terra
1401 2960 1574 3029 magis
1607 2960 1755 3028 quod

278 3052 403 3091 rara
433 3040 593 3107 tepet
627 3039 833 3095 circum
867 3038 1077 3093 fontem
1112 3055 1278 3107 quam
1312 3040 1498 3092 cetera
1527 3035 1696 3093 tellus

276 3112 556 3182 multaque
590 3118 719 3169 sunt
751 3114 895 3183 ignis
927 3130 1102 3185 prope
1137 3114 1342 3169 semina
1373 3127 1572 3185 corpus
1605 3112 1782 3181 aquai.

275 3188 377 3242 hoc
410 3188 506 3241 ubi
538 3191 780 3246 roriferis
814 3194 1020 3247 terram
1054 3207 1163 3245 nox
1199 3190 1383 3245 obruit
1417 3190 1638 3259 umbriS,
