2259 3550
979 76 1148 130 xxxiv

209 227 336 268 surr
362 213 498 267 sinc.
569 212 807 282 denique
844 217 911 266 50
945 228 1169 282 prorsus
1204 227 1399 266 novam
1436 212 1760 281 sententiam
1796 229 1921 270 cum

193 300 490 355 ’veteribus
536 315 707 368 orsus,
747 305 814 352 52
853 316 954 367 pro
995 314 1064 352 m·
1104 298 1321 368 scripsit
1361 299 1509 354 hacc.
1591 300 1921 370 Bernaysiua

209 386 457 440 lacunam
472 403 592 440 csse
616 389 674 440 et
698 389 827 439 ante
851 388 910 439 et
933 388 1059 454 post
1082 391 1151 440 48
1166 385 1463 440 constituit.
1515 390 1584 441 48
1598 385 1737 440 haec
1750 386 1921 442 habet

209 472 470 540 existant,
487 473 795 540 placentur
817 471 1028 526 omnia.
1100 478 1168 525 52
1192 487 1318 526 cum
1340 471 1691 528 Lachmanno
1712 473 1861 528 haec.

314 564 382 613 83
445 575 546 628 pro
570 572 738 613 namo
757 572 1062 620 canusque
1081 573 1349 612 mnam
1383 575 1506 613 cum
1532 559 1618 612 ed.
1645 559 1921 616 Brixicnsi

210 648 270 699 et
306 645 544 699 Avantio
579 643 932 699 scribendum
968 643 1119 697 ratio
1154 643 1293 696 caeli
1324 643 1635 711 speciesque
1666 644 1919 699 tenenda·

207 729 423 784 scilicet
441 730 699 785 librarius
724 731 992 800 deceptus
1029 729 1388 784 similitudine
1410 730 1720 784 litterarum
1742 732 1923 800 specie

210 817 410 871 omisit.
505 814 884 872 Lachmannus
919 817 1189 872 audacter
1222 818 1377 872 ratio
1408 819 1684 886 suspendi
1730 819 1923 887 visque

212 904 472 958 conandi.

317 995 522 1045 85-89
596 990 976 1045 Lachmannus
997 991 1154 1045 uncis
1188 991 1422 1046 inclusit.
1496 1009 1600 1060 ego
1632 993 1818 1062 potius
1853 998 1921 1048 90

211 1080 271 1130 ct
289 1082 372 1144 91,
391 1081 656 1146 tanquam
675 1093 743 1132 ex
762 1091 803 1130 1·
808 1081 906 1132 153
923 1076 994 1130 ab
1011 1065 1409 1146 interpolatore
1426 1077 1626 1146 illatos,
1646 1078 1922 1134 eiciendos

212 1161 361 1216 duxi.

320 1253 418 1302 105
486 1264 589 1317 pro
612 1262 711 1302 avt
746 1251 898 1302 recte
932 1251 1153 1303 veteres
1184 1255 1301 1302 aut
1372 1250 1450 1304 sic
1490 1255 1623 1305 1198
1658 1211 1790 1304 libri
1824 1265 1923 1305 Avl

211 1349 312 1403 pro
336 1341 452 1387 aut.
526 1332 909 1388 Lachmannus
932 1335 1014 1388 ab.

321 1424 419 1472 129
491 1435 592 1488 pro
639 1433 805 1472 mssa
852 1419 1233 1473 Lachmannus
1281 1417 1424 1473 fissa.
1519 1419 1683 1489 paulo
1727 1419 1925 1476 melius

215 1505 544 1573 Bernaysius
569 1519 760 1559 semes.

323 1596 418 1644 145
489 1607 591 1659 pro
617 1605 708 1643 mr
732 1589 1112 1645 Lachmannus
1138 1592 1215 1646 id.
1275 1607 1380 1660 ego
1402 1595 1595 1645 contra
1618 1608 1744 1646 cum
1770 1590 1926 1646 Lam-

215 1675 342 1729 bino
366 1676 422 1729 in
452 1680 565 1743 147,
590 1682 655 1729 ut
680 1678 809 1728 ante
832 1691 1040 1742 maqno
1065 1675 1275 1745 addim,
1296 1693 1397 1747 pro
1420 1692 1700 1732 'rammam
1728 1678 1924 1749 scripsi

125 1792 132 1799 ·
215 1761 474 1817 trucidet.

322 1854 422 1905 158
490 1866 592 1919 pro
616 1865 812 1903 aarum
837 1849 1217 1904 Lachmannus
1235 1856 1378 1904 arto.
1426 1850 1525 1904 sed
1546 1850 1927 1921 impeditiores

214 1934 318 1989 hae
334 1934 630 1989 verborum
649 1939 962 1990 structurae
981 1953 1090 1991 non
1113 1952 1240 1990 raro
1263 1935 1414 2004 apud
1438 1936 1757 1992 Lucretium
1778 1938 1927 1993 inve-

214 2020 456 2076 niuntur.
481 2021 547 2075 cf.
578 2025 688 2079 176.

321 2110 418 2165 179
466 2124 569 2178 pro
587 2122 840 2169 ansorr
855 2107 1162 2162 rectissime
1176 2107 1262 2161 ed.
1283 2108 1427 2162 Iunt.
1445 2108 1709 2175 liquescit.
1756 2109 1927 2164 Lach-

214 2210 447 2249 mannus
492 2193 721 2249 calescit.
790 2193 924 2247 dicit
971 2196 1138 2264 pocta
1182 2194 1195 2220 ‘
1210 2193 1350 2248 adeo
1392 2193 1633 2249 ardescit
1670 2194 1825 2263 glans
1864 2200 1929 2249 ut

217 2282 387 2336 ctiam
410 2281 716 2351 liquescat’.

322 2371 436 2435 187,
466 2373 565 2423 188
635 2384 744 2422 non
767 2371 921 2423 recte
941 2367 1322 2422 Lachmannus
1351 2371 1477 2436 post
1498 2372 1597 2423 193
1626 2367 1929 2422 transtulit.

217 2456 464 2507 ceterum
489 2453 555 2507 cf.
576 2468 717 2520 quae
741 2451 857 2505 dixi
881 2451 956 2505 ad
977 2466 1038 2505 lv
1062 2457 1178 2506 934.

319 2543 422 2591 213
481 2553 583 2606 pro
605 2552 860 2590 runcum}
882 2536 1261 2589 Lachmannus
1280 2552 1404 2589 cum
1428 2536 1671 2590 Avantio
1682 2536 1932 2603 fayore.

217 2640 409 2677 verum
447 2622 740 2676 seminibus
772 2622 1042 2689 fulgorem
1075 2620 1372 2675 tribuendo
1406 2624 1600 2675 contra
1627 2619 1851 2689 Epicuri
1874 2624 1932 2675 et

221 2708 445 2763 Lucreti
469 2712 772 2778 praecepta
793 2708 1042 2777 graviter
1064 2714 1275 2778 peccat.
1338 2711 1403 2764 cf.
1427 2710 1499 2764 ad
1524 2724 1571 2763 11
1594 2711 1676 2765 27.

325 2797 426 2846 220
497 2808 596 2861 pro
620 2807 748 2845 Ic'ru
771 2807 842 2845 m·
865 2791 1072 2861 optime
1095 2796 1315 2847 veteres
1340 2794 1485 2847 ictus
1506 2799 1570 2847 et.
1633 2791 1933 2847 Lachman-

221 2896 324 2934 nus
349 2880 467 2933 ictu
491 2880 626 2933 loca.

327 2970 430 3019 228
455 2968 514 3018 et
537 2970 655 3018 229.
725 2963 1086 3018 audacissime
1112 2964 1491 3018 Lachmannus
1516 2981 1585 3018 ex
1608 2964 1694 3017 his
1719 2963 1934 3019 duobus

221 3064 393 3101 unum
427 3048 590 3103 finxit
622 3064 841 3103 versum
878 3047 1169 3103 scribendo
1214 3048 1451 3103 Transit
1484 3049 1642 3104 enim
1677 3048 1937 3104 validum

211 3132 450 3197 fulmen
463 3149 577 3203 per
597 3150 753 3201 saxa,
770 3150 884 3202 per
903 3150 1058 3189 acra.
