2259 3550
237 106 349 163 136
1042 103 1101 158 V

110 239 121 250 -
228 223 552 275 perparvom
590 205 854 274 quiddam
890 205 1169 260 interdum
1206 209 1422 260 mutare
1457 206 1679 259 videtur

228 283 460 338 alteram
496 284 679 335 utram
712 279 771 333 in
805 285 1021 350 partem
1059 281 1227 349 filum,
1262 297 1370 350 quo
1405 281 1617 350 longius
1650 280 1880 349 absunt3

136 375 205 409 σοι
230 361 371 414 scire
407 359 535 412 licet
571 373 837 426 perquam
874 359 1113 426 pauxillo
1151 375 1312 427 posse
1347 358 1583 424 minores
1865 374 1940 414 590

230 452 351 490 esse
387 435 473 488 vcl
509 434 709 501 exigua
742 435 961 487 maioris
996 439 1157 503 parte
1193 435 1472 503 brevique.

137 519 203 552 ¹⁵⁹⁰
301 511 451 566 Illud
486 511 620 565 item
655 527 763 563 non
799 514 887 564 est
922 511 1244 577 mirandum,
1282 528 1392 579 qua
1425 512 1638 566 ratione

229 588 476 642 tantulus
510 588 604 642 ille
640 590 809 656 queat
845 590 1063 640 tantum
1098 586 1180 640 sol
1199 587 1442 641 -mittere
1478 588 1676 654 lumen,

230 665 381 733 quod
415 664 588 718 maria
622 681 684 718 ac
719 668 899 718 terras
934 663 1107 715 omnis
1143 663 1464 731 caelumque
1499 663 1730 732 rigando

232 741 503 808 compleat
538 744 596 793 ct
632 739 809 793 calido
843 737 1142 808 perfundat
1177 744 1372 793 cuncta
1407 757 1622 809 vapore.
1863 755 1936 794 595

138 832 202 868 m
230 833 357 869 nam
393 816 524 870 licet
558 816 683 869 hinc
719 816 909 869 mundi
946 816 1284 884 patefactum
1324 817 1496 869 totius
1531 833 1699 869 unum

228 892 537 960 largifluum
573 892 782 946 fontem
818 896 1031 946 scatere
1068 895 1234 960 atque
1272 908 1559 960 erumpere
1593 891 1792 957 lumen,

229 985 300 1022 ex
335 969 482 1022 omni
517 967 723 1022 mundo
759 969 889 1036 quia
923 969 999 1021 sic
1036 969 1312 1021 elementa
1343 969 1560 1036 vaporis

228 1045 468 1114 undique
503 1045 830 1100 conveniunt
864 1047 925 1098 et
960 1045 1037 1098 sic
1073 1045 1354 1099 coniectus
1389 1061 1576 1098 eorum
1852 1059 1935 1114 ‚ooo

228 1121 465 1186 confluit,
504 1136 572 1174 ex
611 1137 717 1174 uno
752 1121 933 1191 capite
967 1121 1056 1174 hic
1090 1124 1156 1174 ut
1190 1121 1426 1189 profluat
1461 1121 1639 1175 ardor.

228 1214 405 1252 nonne
442 1197 593 1252 vides
629 1197 796 1251 etiam
835 1213 999 1265 quam
1015 1207 1019 1210 ’
1035 1197 1149 1250 late
1183 1213 1382 1264 parvus
1419 1198 1578 1266 aquai

226 1280 386 1342 prata
421 1275 563 1341 riget
598 1274 721 1328 fons
754 1273 1033 1328 interdum
1069 1273 1382 1342 campisque
1419 1272 1730 1326 redundet?

227 1355 313 1404 est
346 1351 511 1404 ctiam
548 1367 765 1419 quoque
799 1351 881 1402 uti
917 1366 1023 1402 non
1058 1366 1256 1416 magno
1294 1349 1422 1402 solis
1457 1349 1528 1402 ab
1563 1348 1676 1416 igni

226 1441 355 1480 aera
388 1426 653 1496 percipiat
690 1425 882 1480 calidis
918 1425 1222 1478 fervoribus
1259 1425 1439 1493 ardor,
1855 1439 1930 1478 005

226 1507 563 1571 opportunus
597 1502 679 1556 ita
714 1505 800 1556 est
835 1502 881 1554 si
916 1501 1059 1554 forte
1096 1505 1154 1554 ct
1188 1501 1416 1555 idoneus
1451 1517 1560 1566 aer,

208 1582 290 1631 ‘ut
325 1581 491 1646 queat
526 1579 749 1632 accendi
785 1577 971 1647 parvis
1006 1576 1292 1630 ardoribus
1329 1577 1500 1644 ictus;

227 1654 375 1722 quod
407 1670 580 1721 genus
614 1654 894 1708 interdum
932 1658 1149 1720 segetes
1186 1653 1550 1722 stipulamque
1587 1653 1836 1708 videmus

226 1729 485 1785 accedere
520 1746 591 1783 cx
626 1746 735 1783 una
770 1729 1003 1784 scintilla
1037 1729 1287 1783 incendia
1321 1731 1537 1800 passim.

225 1806 453 1860 forsitan
489 1810 548 1861 et
583 1822 740 1860 rosea
775 1806 856 1859 sol
890 1806 1001 1859 alte
1037 1806 1292 1875 lampade
1327 1806 1514 1861 lucens
1854 1820 1930 1857 610

225 1884 503 1952 possideat
537 1882 771 1936 multum
808 1883 982 1936 caecis
1017 1882 1320 1936 fervoribus
1355 1882 1537 1951 ignem

224 1960 424 2014 circum
463 1977 535 2025 se,
573 1960 722 2013 nullo
758 1959 851 2029 qui
888 1959 961 2013 sit
996 1959 1208 2025 fulgore
1245 1962 1482 2023 notatus,

222 2037 443 2091 aestifer
476 2041 542 2089 ut
577 2039 793 2090 tantum
830 2035 1107 2088 radiorum
1145 2038 1415 2102 exaugeat
1450 2035 1633 2087 ictum.

292 2113 345 2166 N
347 2130 410 2167 ec
446 2114 586 2166 ratio
625 2113 753 2166 solis
790 2111 1021 2180 simplex
1056 2119 1107 2164 et
1145 2113 1296 2164 certa
1329 2110 1579 2179 patescit,

171 2241 187 2256 ,,
223 2206 331 2257 quo
365 2193 525 2258 pacto
561 2188 783 2241 aestivis
822 2204 853 2241 e
888 2186 1138 2255 partibus
1173 2186 1510 2254 aegocerotis
1854 2198 1928 2237 615

221 2265 481 2319 brumalis
516 2265 681 2318 adeat
718 2264 891 2317 flexus
929 2266 1097 2329 atque
1130 2260 1262 2314 inde
1298 2265 1582 2315 revertens

221 2342 399 2395 cancri
436 2358 493 2395 sc
527 2345 592 2395 ut
627 2343 809 2393 vertat
843 2342 1021 2393 metas
1055 2337 1129 2391 ad
1165 2337 1478 2403 solstitialia,

221 2418 453 2486 lunaque
487 2417 763 2472 mensibus
799 2415 858 2468 id
893 2416 1129 2483 spatium
1165 2413 1421 2467 videatur
1453 2412 1624 2477 obire,

220 2511 397 2547 annua
433 2494 511 2547 sol
545 2495 601 2547 in
639 2510 747 2561 quo
784 2491 1052 2546 consumit
1087 2494 1338 2558 tempora
1373 2506 1548 2543 cursu.

219 2588 341 2637 non,
376 2571 612 2637 inquam,
651 2569 880 2637 simplex
916 2568 1002 2621 his
1037 2565 1461 2620 rebus-reddita
1495 2568 1726 2618 causast.
1851 2576 1927 2615 620

217 2663 344 2699 nam
379 2646 498 2700 fieri
534 2645 620 2717 vel
654 2662 779 2699 cum
814 2644 1005 2715 primis
1039 2643 1098 2696 id
1132 2659 1294 2711 posse
1327 2641 1564 2706 videtur,

219 2722 517 2777 Democriti
553 2722 703 2790 quod
738 2724 928 2774 sancta
962 2720 1064 2773 viri
1100 2720 1376 2773 sententia
1409 2717 1578 2785 ponit,

218 2803 421 2867 quanto
456 2814 705 2867 quaeque
741 2798 913 2865 magis
949 2797 1058 2849 sint
1091 2799 1299 2849 terram
1337 2794 1520 2847 sidera
1553 2793 1798 2860 propter,

216 2878 370 2931 tanto
406 2892 567 2943 posse
600 2883 780 2929 minus
815 2890 938 2927 cum
975 2871 1111 2925 caeli
1147 2870 1367 2925 turbine
1401 2869 1547 2922 ferri.

216 2969 538 3007 evanescere
574 2953 716 3007 enim
752 2950 973 3019 rapidas
1008 2948 1155 3002 illius
1193 2951 1249 3001 et
1285 2946 1422 3000 acris
1849 2956 1926 2997 825

215 3028 460 3080 imminui
500 3031 689 3097 supter
724 3028 867 3090 iuria
902 3026 1140 3092 ideoque
1177 3022 1408 3090 relinqui

215 3103 479 3169 paulatim
516 3105 683 3157 solem
719 3118 842 3157 cum
877 3098 1258 3170 posterioribu'
1299 3096 1484 3165 signis,

216 3177 437 3228 inferior
472 3177 643 3230 multo
682 3176 830 3244 quod
867 3176 939 3229 sit
975 3189 1141 3242 quam
1175 3171 1384 3226 fervida
1419 3172 1590 3238 signa.
