2259 3550
309 233 478 298 atque
510 227 901 296 gubernaclum
934 232 1262 299 contorquet
1295 231 1542 299 quolibet
1576 230 1761 302 unum,
1945 235 1950 238 ’

310 305 591 374 multaque
615 321 717 374 per
739 305 972 358 trocleas
996 309 1053 360 et
1078 310 1337 376 tympana
1359 308 1606 377 pondere
1629 327 1830 380 magno
1946 323 2033 368 005·

308 384 615 436 commovet
649 385 816 448 atque
850 382 956 434 levi
992 384 1232 438 sustollit
1266 385 1517 439 machina
1549 387 1685 440 nisu.

382 460 431 512 N
435 476 539 513 unc
564 457 763 527 quibus
786 457 880 511 1110
909 458 1086 511 modis
1112 465 1332 514 somnus
1357 478 1458 530 per
1481 462 1729 516 membra
1751 401 2000 576 quiet-eg

308 537 510 605 inriget
546 539 713 604 atque
750 535 917 588 animi
954 552 1112 589 curas
1149 553 1180 590 e
1214 540 1438 606 pectore
1474 538 1662 606 solvat,

312 612 601 668 suavidicis
634 613 819 683 potius
852 629 1017 681 quam
1052 612 1242 666 multis
1275 613 1524 669 versibus
1558 615 1751 682 edam;

310 707 513 761 parvus
536 695 600 744 ut
626 693 711 744 est
736 690 889 759 cycni
912 689 1104 743 melior
1128 706 1306 757 canor,
1330 690 1424 744 ille
1445 707 1642 760 gruum
1667 709 1831 762 quam
1948 709 2020 749 910

273 793 282 798 -
310 766 515 822 clamor
546 767 601 820 in
637 764 893 820 aetheriis
929 765 1212 836 dispersus
1247 767 1481 821 nubibus
1515 769 1703 823 austri.

310 845 375 897 tu
409 843 543 897 mihi
580 844 653 896 da
688 843 868 896 tenuis
904 859 1064 896 aures
1100 843 1450 912 animumque
1486 859 1750 912 sagacem,

310 935 383 972 ne
415 919 534 974 ficri
568 919 783 988 negites
821 935 961 986 quae
1000 919 1178 974 dicam
1213 936 1376 988 posse
1411 925 1670 987 retroque

310 1013 441 1050 vera
474 996 779 1066 repulsanti
818 996 1071 1050 discedas
1104 1002 1330 1064 pectore
1367 997 1530 1063 dicta,
2024 1055 2029 1058 ,

310 1074 534 1127 tutimet
569 1073 625 1126 in
662 1073 820 1141 culpa
856 1089 979 1127 cum
1016 1072 1091 1126 sis
1124 1089 1304 1142 neque
1340 1089 1564 1128 cernere
1597 1075 1788 1142 possis,
1935 1073 2018 1134 ‘916

308 1148 572 1238 principio
609 1165 827 1202 somnus
864 1149 930 1202 fit
964 1149 1058 1202 ubi
1094 1153 1182 1202 est
1217 1149 1485 1204 distracta
1518 1166 1618 1218 per
1653 1153 1808 1206 artus

252 1225 261 1230 '
310 1226 391 1279 vis
424 1226 635 1280 animae
670 1225 979 1293 partimque
1013 1225 1162 1278 foras
1197 1226 1372 1278 eiecta
1405 1225 1635 1280 recessit

310 1305 369 1355 et
402 1303 604 1372 partim
642 1303 901 1356 contrusa
935 1301 1109 1369 magis
1149 1301 1416 1355 concessit
1447 1301 1506 1354 in
1540 1301 1729 1356 altum.

310 1378 685 1432 dissoluuntur
719 1378 863 1432 enim
898 1382 1017 1431 tum
1055 1377 1276 1431 demum
1313 1376 1559 1432 membra
1592 1379 1893 1466 fluuntquc3

310 1451 435 1508 nam
472 1454 699 1508 dubium
734 1471 843 1508 non
878 1457 978 1520 est,
1014 1452 1212 1507 animai
1247 1453 1380 1522 quin
1414 1469 1583 1520 opera
1617 1455 1689 1508 sit
1891 1493 1894 1496 ⁴
1941 1472 2014 1510 azo

310 1548 501 1587 sensus
535 1531 623 1584 hic
657 1531 713 1583 in
748 1530 919 1599 nobis,
955 1545 1119 1599 quem
1155 1547 1280 1585 cum
1317 1546 1480 1600 sopor
1512 1531 1728 1600 inpedit
1761 1549 1897 1600 esse,
2023 1535 2030 1546 '

308 1613 429 1661 tum
464 1607 619 1662 nobis
656 1607 891 1660 animam
926 1606 1304 1675 perturbatam
1339 1621 1460 1660 esse
1493 1607 1858 1676 putandumst
1928 1664 1936 1672 ,

309 1682 648 1753 eiectamque
682 1683 857 1748 foras;
892 1700 999 1736 11011
1038 1699 1282 1747 0111110111;
1317 1699 1552 1750 namque
1585 1684 1788 1738 iaceret

308 1763 532 1815 aeterno
567 1775 765 1831 corpus
798 1761 1077 1830 perfusum
1112 1759 1315 1828 frigore
1349 1759 1463 1814 leti.

308 1832 512 1907 quippe
547 1837 642 1890 ubi
676 1838 826 1891 nulla
860 1837 1035 1891 latens
1070 1836 1268 1889 animai
1302 1854 1432 1905 pars
1465 1840 1776 1892 remaneret
1893 1890 1896 1894 ,
1940 1851 2014 1909 ses

305 1914 363 1965 in
398 1914 675 1975 membris,
710 1914 893 1968 cinere
926 1918 990 1967 ut
1024 1912 1198 1967 multa
1233 1913 1372 1967 latet
1405 1913 1636 1967 obrutus
1671 1913 1826 1982 ignis,

309 1990 455 2044 unde
491 1991 775 2044 reconflari
809 2007 997 2043 sensus
1030 2006 1134 2057 per
1169 1989 1417 2041 membra
1451 1984 1684 2057 repente

311 2070 512 2135 posset,
549 2072 612 2121 ut
648 2084 716 2120 cx
752 2067 865 2134 igni
901 2082 1059 2119 cacco
1094 2081 1422 2132 consurgere
1459 2064 1711 2119 flammai

382 2142 495 2197 Sed
530 2143 726 2212 quibus
761 2143 896 2197 hacc
932 2141 1094 2195 rebus
1128 2142 1344 2195 novitas
1377 2142 1580 2195 confiat
1615 2145 1674 2196 et
1707 2141 1854 2197 unde

309 2218 632 2287 perturbari
659 2220 837 2271 anima
872 2223 931 2272 ct
966 2234 1166 2287 corpus
1201 2209 1554 2284 languescere
1589 2218 1776 2287 possit,
1861 2241 1866 2245 ·
1943 2234 2017 2273 000

310 2294 627 2363 expediam:
665 2298 727 2349 tu
762 2291 848 2347 fac
884 2311 953 2347 nc
988 2295 1168 2347 ventis
1203 2294 1370 2347 verba
1405 2293 1744 2362 profundam.

308 2370 572 2440 principio
610 2374 835 2424 externa
870 2386 1065 2437 corpus
1102 2370 1173 2423 dc
1208 2376 1367 2438 parte
1403 2386 1688 2423 necessum
1723 2373 1827 2438 est,

308 2446 470 2499 aeriis
506 2448 757 2515 quoniam
795 2446 1030 2499 vicinum
1066 2447 1318 2515 tangitur
1353 2447 1512 2513 auris,

308 2522 532 2575 tundier
568 2526 733 2590 atquc
772 2524 887 2576 cius
924 2522 1117 2577 crebro
1153 2518 1426 2592 pulsarier
1455 2523 1588 2593 ictu,

306 2603 707 2670 proptereaque
728 2600 858 2653 ,fere
896 2616 984 2653 res
1022 2616 1210 2653 omnes
1247 2603 1342 2653 aut
1377 2600 1524 2654 corio
1559 2604 1686 2653 sunt
1943 2613 2017 2653 035

304 2679 399 2730 aut
434 2677 603 2730 etiam
640 2676 858 2729 conchis
899 2680 995 2729 aut
1030 2676 1168 2730 callo
1206 2679 1302 2730 aut
1337 2677 1540 2731 cortice
1575 2680 1770 2731 tectae.

303 2753 621 2807 interiorem
658 2753 826 2821 etiam
864 2758 1080 2823 partem
1119 2753 1454 2823 spirantibus
1489 2770 1586 2808 aer

302 2829 557 2885 verberat
589 2830 677 2885 hic
712 2830 877 2899 idem,
912 2846 1037 2885 cum
1078 2830 1301 2883 ducitur
1342 2834 1510 2900 atque
1543 2830 1785 2884 reflatur.

303 2922 473 2975 quare
506 2908 785 2977 utrimque
822 2924 978 2961 secus
1014 2924 1139 2961 eum
1172 2923 1375 2977 corpus
1413 2906 1634 2975 vapulet
1669 2908 1726 2960 et
1761 2922 1885 2959 011111

303 2985 621 3050 perveniant
656 2985 850 3073 plagae
884 3002 986 3053 per
1021 3000 1190 3052 parva
1223 2983 1492 3036 foramina
1527 2981 1682 3034 nobis
1941 2994 2016 3034 940

303 3061 549 3130 corporis
586 3062 659 3113 ad
692 3062 897 3129 primas
932 3062 1105 3129 partis
1141 3060 1520 3128 elementaque
1557 3058 1747 3128 prima,

306 3136 370 3189 fit
408 3138 561 3205 quasi
597 3137 859 3207 paulatim
896 3137 1053 3191 nobis
1088 3154 1190 3207 per
1225 3136 1472 3191 membra
1505 3135 1676 3189 ruina.

304 3212 701 3267 conturbantur
736 3214 879 3269 enim
917 3213 1196 3283 positurae
1231 3212 1619 3282 principiorum
