2259 3550
22 273 217 522 «οἵ

246 85 357 141 134
1086 80 1134 134 V

238 186 509 254 significat
545 187 766 254 Pontos,
800 202 953 246 mare
986 188 1140 240 certo
1175 185 1324 254 quod
1360 185 1482 240 fluit
1517 191 1674 247 aestu

239 280 404 316 unum
442 262 662 316 labendi
698 279 1023 316 conservans
1059 279 1232 330 usque
1270 265 1530 318 tenorem.

308 338 578 406 [Motibus
613 343 885 392 astrorum
921 355 1062 391 nunc
1098 355 1241 406 quae
1278 337 1352 392 sit
1386 354 1547 394 causa
1581 355 1850 394 canamus

237 413 503 482 principio
540 429 769 482 magnus
804 412 939 468 caeli
977 414 1023 466 si
1057 413 1301 468 vortitur
1335 412 1497 482 orbis,
1865 431 1942 470 510

234 506 304 542 ex
340 491 575 558 utraque
610 490 797 558 polum
832 490 978 558 parti
1014 505 1264 557 premere
1301 507 1430 546 aera
1465 490 1623 544 nobis

234 564 530 620 dicendum
564 570 653 624 est
686 571 955 634 extraque
991 571 1184 620 tenere
1220 571 1278 620 et
1313 566 1570 622 claudere
1606 567 1915 635 utrimque3

231 640 361 695 inde
396 641 561 696 alium
600 653 765 712 supra
799 641 971 698 fluere
1006 646 1176 712 atque
1211 642 1500 698 intendere
1535 644 1730 697 eodem

232 734 340 785 quo
377 717 642 773 volvenda
677 719 883 774 micant
918 718 1132 779 aeterni
1169 717 1353 772 sidera
1387 717 1608 784 mundi3

232 797 329 848 aut
364 794 526 849 alium
568 797 773 862 supter,
810 799 1001 848 contra
1036 793 1131 862 qui
1161 783 1440 867 subvehat
1476 796 1680 863 orbem,
1863 809 1938 848 515

231 871 295 922 ut
332 869 523 926 fluvios
560 887 779 924 versare
813 874 963 924 rotas
1000 875 1168 938 atque
1203 871 1430 926 haustra
1465 871 1728 924 videmus

232 949 319 1000 est
355 946 522 1000 etiam
558 963 774 1016 quoque
810 947 892 1000 uti
926 945 1099 1015 possit
1135 947 1344 1002 caelum
1381 965 1541 1002 omne
1577 963 1798 1002 manere

228 1022 283 1074 iu
321 1022 571 1090 statione,
608 1026 795 1086 tamen
829 1039 953 1076 cum
989 1021 1171 1076 lucida
1203 1022 1358 1092 signa
1381 1023 1662 1090 ferantur-3

190 1111 195 1116 ·
231 1098 345 1152 sive
382 1099 529 1166 quod
565 1099 758 1152 inclusi
795 1098 975 1167 rapidi
1013 1102 1143 1152 sunt
1177 1099 1417 1154 aetheris
1453 1099 1640 1154 aestus

231 1179 665 1242 quaerentesque
700 1175 863 1228 viam·
880 1175 1084 1229 circum
1121 1179 1410 1230 versantur
1445 1179 1505 1230 et
1539 1175 1694 1244 ignes
1860 1187 1936 1230 520

229 1252 431 1317 passim
467 1268 567 1320 per
602 1251 738 1305 caeli
777 1252 998 1305 volvunt
1031 1251 1288 1306 immania
1322 1252 1559 1319 templa3

230 1326 344 1380 sive
379 1327 596 1381 aliunde
632 1327 807 1382 fluens
842 1327 1097 1381 alicunde
1130 1327 1471 1382 extrinsecus
1507 1344 1604 1382 aer

229 1406 413 1457 versat
448 1420 614 1470 agens
650 1405 821 1471 ignis3
856 1404 969 1457 sive
1002 1403 1106 1472 ipsi
1141 1419 1366 1471 serpere
1402 1408 1630 1471 possunt

229 1495 336 1546 quo
372 1479 633 1548 cuiusque
670 1479 822 1533 cibus
856 1482 1017 1535 vocat
1050 1483 1220 1548 atque
1255 1479 1452 1533 invitat
1490 1480 1685 1546 euntiS‚

228 1554 478 1608 flammea
512 1573 613 1623 per
648 1556 857 1610 caelum
892 1555 1168 1624 pascentis
1203 1571 1430 1624 corpora
1465 1556 1679 1624 passim.
1855 1571 1929 1610 525

226 1647 351 1684 nam
388 1632 524 1700 quid
560 1632 615 1684 in
652 1631 754 1685 hoc
788 1631 993 1686 mundo
1028 1632 1103 1688 sit
1139 1648 1326 1685 eorum
1361 1647 1566 1700 ponere
1600 1635 1811 1686 certum

228 1706 445 1760 difficile
482 1711 597 1772 est3
632 1708 730 1761 sed
768 1706 905 1777 quid
936 1708 1113 1777 possit
1147 1708 1354 1777 fiatque
1389 1725 1490 1778 per
1523 1725 1683 1762 omne

212 1784 284 1858 „in
318 1784 482 1839 variis
517 1785 737 1838 mundis
770 1784 923 1839 varia
958 1785 1172 1841 ratione
1208 1784 1422 1851 creatis,

226 1859 287 1914 id
324 1860 495 1914 doceo
530 1861 812 1929 plurisque
849 1877 1049 1931 sequor
1086 1861 1378 1931 disponere
1412 1878 1616 1929 causae,

225 1935 466 1991 motibus
502 1939 775 1991 astrorum
810 1954 951 2006 quae
985 1937 1199 2005 possint
1234 1953 1354 1991 esse
1390 1953 1492 2005 per
1527 1953 1718 2003 omne;
1829 1936 1930 1991 ‘530

224 2030 257 2065 e
282 2012 480 2081 quibus
502 2029 613 2067 una
637 2016 821 2067 tamen
847 2014 921 2067 sit
943 2014 999 2067 in
1022 2013 1125 2067 hoc
1149 2028 1366 2083 quoque
1390 2029 1553 2067 causa
1576 2016 1853 2068 necessest

226 2105 367 2156 quae
402 2092 601 2157 vegeat
635 2093 845 2143 motum
882 2090 1077 2157 signis;
1112 2089 1214 2143 sed
1249 2105 1390 2157 quae
1426 2089 1498 2143 sit
1534 2105 1722 2142 earum

224 2164 540 2234 praecipere
574 2165 1039 2234 hautquaquamst
1072 2165 1434 2234 pedetemtim
1469 2164 1906 2233 progredientis]

294 2240 571 2310 Terraque
604 2245 671 2295 ut
703 2242 759 2295 in
795 2241 977 2295 media
1011 2241 1202 2295 mundi
1239 2241 1459 2308 regione
1495 2241 1758 2309 quiescat,

222 2333 545 2371 evanescere
580 2317 844 2385 paulatim
880 2321 940 2371 et
975 2317 1296 2371 decrescere
1331 2317 1545 2385 pondus
1853 2331 1928 2371 535

222 2394 488 2461 convenit,
525 2396 693 2463 atque
728 2394 889 2447 aliam
927 2397 1179 2447 naturam
1217 2395 1408 2461 supter
1444 2392 1646 2445 habere

220 2484 289 2521 ex
326 2470 547 2524 ineunte
582 2486 715 2524 aevo
751 2470 1091 2523 coniunctam
1127 2472 1294 2537 atque
1329 2470 1512 2523 uniter
1546 2471 1732 2537 aptam

220 2545 469 2613 partibus
504 2546 666 2599 aeriis
702 2546 892 2599 mundi
927 2545 1128 2633 quibus
1162 2545 1330 2603 insita
1363 2545 1512 2598 vivit.

220 2625 515 2690 propterea
548 2638 653 2675 non
690 2625 777 2675 est
812 2622 965 2675 oneri
1002 2638 1182 2690 neque
1218 2620 1483 2690 deprimit
1519 2636 1710 2686 auras3

220 2701 286 2753 ut
322 2714 419 2751 sua
454 2696 650 2765 cuique
684 2697 887 2751 homini
922 2698 1071 2753 nullo
1107 2702 1237 2751 sunt
1272 2697 1515 2767 pondere
1549 2694 1798 2750 membra
1853 2710 1928 2776 549

221 2789 322 2827 nec
356 2776 522 2841 caput
556 2776 643 2827 est
678 2773 830 2826 oneri
864 2772 1003 2827 collo
1037 2790 1140 2827 nec
1177 2773 1412 2843 denique
1448 2776 1628 2827 totum

220 2850 463 2917 corporis
496 2848 555 2903 in
591 2848 826 2918 pedibus
860 2849 1073 2918 pondus
1108 2849 1374 2903 sentimus
1410 2850 1619 2903 inesse·
1607 2890 1620 2914 ,

220 2927 280 2978 at
316 2941 689 2993 quaecumque
721 2924 855 2978 foris
888 2925 1117 2979 veniunt
1152 2926 1478 3000 inpostaque
1513 2925 1670 2979 nobis

219 3000 465 3067 pondera
500 3005 629 3056 sunt
662 3000 906 3069 laedunt,
940 3002 1216 3070 permulto
1253 3018 1416 3070 saepe
1453 3002 1673 3055 minora.

221 3090 395 3141 usque
430 3076 569 3129 adeo
603 3077 786 3144 magni
822 3076 995 3131 refert
1030 3078 1164 3145 quid
1201 3093 1450 3145 quaeque
1487 3079 1645 3131 sueat
1680 3092 1785 3133 res.
1850 3092 1926 3133 545

223 3150 300 3201 sic
335 3150 505 3216 igitur
538 3151 701 3205 tellus
736 3166 844 3205 non
880 3156 966 3206 est
1000 3152 1179 3205 aliena
1211 3156 1441 3219 repente
