2259 3550
1138 100 1208 158 11
1220 101 1283 158 ΙΙ
1960 107 2062 165 103

356 203 792 273 chordarumque
826 221 985 259 sonos
1024 207 1138 259 fieri
1177 206 1460 276 dulcisque
1495 207 1782 277 querellas,

354 278 496 334 tibia
531 296 665 356 «nias
698 279 882 334 fundit
917 281 1107 349 digitis
1140 283 1358 350 pulsata
1392 287 1700 350 canentum,
1995 298 2067 353 σεξ

358 358 418 409 et
449 371 620 424 genus
654 357 951 424 agricolum
985 357 1099 412 late
1137 360 1450 428 sentiscere,
1487 377 1651 429 quom
1689 361 1804 414 Pan

357 432 519 501 pinea
554 433 790 487 semiferi
826 434 1021 503 capitis
1055 436 1324 489 velamina
1358 451 1619 506 quassans

356 524 495 562 unco
530 525 693 578 saepe
725 509 881 562 labro
916 509 1150 564 calamos
1185 512 1458 580 percurrit
1492 511 1710 580 hiantis,

197 569 206 577 “
247 605 265 618 x
356 584 541 638 fistula
574 585 882 640 silvestrem
918 601 989 640 ne
1024 591 1201 641 cesset
1235 587 1468 642 fundere
1503 603 1730 642 musam.

236 713 241 716 .
335 661 538 715 'cetera
562 660 633 715 de
655 677 861 729 genere
883 660 989 717 hoc
1009 667 1254 717 monstra
1276 679 1340 718 ac
1363 667 1620 732 portenta
1641 664 1949 733 loquentur,
1992 679 2070 720 59⁰

354 751 425 791 ne
458 736 576 791 loca
608 735 832 792 deserta
866 737 937 791 ab
974 738 1115 793 divis
1153 755 1372 809 quoque
1405 740 1550 794 forte
1586 743 1854 808 putentur

354 813 469 867 sola
501 816 709 868 tenere.
744 813 868 868 ideo
904 815 1111 868 iactant
1149 816 1408 870 miracula
1444 815 1606 870 dictis

352 893 450 942 aut
485 887 665 958 aliqua
698 889 911 944 ratione
944 890 1053 944 alia
1087 891 1377 958 ducuntur,
1415 897 1480 946 ut
1515 908 1674 946 omne

353 963 647 1018 humanum
679 980 857 1033 genus
888 969 977 1020 est
1010 967 1232 1022 avidum
1267 967 1427 1022 nimis
1463 968 1841 1022 auricularum.
2043 948 2149 1017 ἅ

426 1039 584 1106 Quod
620 1046 883 1110 superest,
918 1058 1033 1096 non⁴
1060 1047 1148 1097 est
1183 1043 1491 1098 mirandum
1527 1061 1636 1113 qua
1673 1044 1900 1112 ratione,
1993 1059 2068 1098 695

352 1131 454 1185 per
489 1116 607 1171 loca
640 1133 783 1185 qnae
816 1123 1099 1188 nequeunt
1134 1119 1274 1173 oculi
1311 1136 1400 1174 res
1433 1136 1658 1175 cornere
1695 1124 1928 1189 apertas,

352 1191 486 1247 hacc
521 1193 638 1247 loca
671 1210 773 1262 per
806 1211 967 1249 voces
1001 1197 1224 1249 veniant
1257 1197 1516 1266 aurisque
1550 1196 1833 1251 lacessant.

349 1270 695 1340 conloquium
729 1271 925 1324 clausis
962 1271 1170 1325 foribus
1201 1287 1421 1341 quoque
1456 1289 1619 1342 saepe
1653 1271 1918 1338 videmus,

348 1346 604 1400 nimirum
639 1348 769 1416 quia
802 1364 907 1400 vox
941 1365 1041 1415 per
1075 1349 1218 1402 flexa
1249 1348 1515 1403 foramina
1547 1366 1730 1404 rerum

346 1422 627 1476 incolumis
661 1424 895 1477 transire
930 1428 1131 1492 potest,
1167 1425 1454 1479 simulacra
1487 1429 1760 1480 renutant.
1989 1440 2064 1482 ⁰⁰0

348 1498 771 1567 perscinduntur
806 1499 963 1566 enim,
1001 1499 1102 1553 nisi
1141 1504 1294 1554 recta
1327 1500 1591 1555 foramina
1624 1504 1862 1567 tranant,

350 1575 531 1642 qualia
566 1579 697 1628 sunt
731 1575 907 1642 vitrei,
942 1577 1152 1644 species
1189 1593 1298 1646 qua
1332 1577 1570 1632 travolat
1605 1577 1793 1632 omnis.

350 1655 639 1719 praeterea
670 1653 845 1720 partis
878 1652 933 1705 in
970 1656 1196 1707 cunctas
1228 1652 1492 1708 dividitur
1528 1670 1644 1720 vox,

348 1744 417 1781 ex
453 1727 571 1783 aliis
606 1728 743 1783 aliae
777 1728 1031 1796 quoniam
1066 1729 1381 1800 gignuntur,
1416 1729 1511 1785 ubi
1546 1747 1656 1785 una

348 1803 586 1860 dissiluit
620 1804 787 1860 semel
822 1805 875 1858 in
913 1805 1115 1860 multas
1151 1810 1357 1874 exorta,
1393 1806 1548 1875 quasi
1582 1807 1723 1876 ignis
1989 1822 2063 1861 ουτ»

345 1896 510 1951 saepe
543 1881 685 1937 solet
719 1881 953 1936 scintilla
988 1898 1112 1935 suos
1149 1898 1210 1935 se
1246 1898 1504 1949 spargere
1538 1882 1595 1935 in
1629 1883 1785 1951 ignis.

346 1972 475 2024 ergo
509 1957 793 2025 replentur
824 1957 942 2010 loca
976 1956 1213 2023 vocibus,
1249 1957 1439 2011 abdita
1473 1961 1624 2011 retro

346 2031 528 2085 onmia
562 2048 703 2100 quae
736 2031 939 2085 circum
972 2030 1197 2085 fervunt
1231 2032 1522 2101 sonituque
1555 2032 1782 2087 cientur.

344 2109 405 2160 at
438 2107 726 2161 simulacra
757 2107 861 2161 viis
894 2106 1136 2167 derectis
1170 2108 1349 2161 omnia
1381 2106 1618 2162 tendunt

344 2186 408 2235 ut
442 2187 570 2237 sunt
604 2183 768 2235 missa
802 2181 1000 2247 seme13
1036 2187 1374 2251 quapropter
1407 2200 1630 2237 cernere
1664 2199 1825 2237 nemo
1983 2200 2059 2239 mo

340 2274 560 2325 saepem
594 2258 740 2311 ultra
774 2258 920 2327 potis
953 2262 1053 2325 est,
1089 2261 1152 2312 at
1185 2275 1344 2313 voces
1377 2260 1626 2327 accipere
1661 2261 1833 2313 extra.

344 2337 402 2386 et
425 2338 610 2386 tamen
631 2334 749 2401 ipsa
767 2348 987 2401 quoque
1004 2334 1152 2399 haec,
1171 2335 1301 2387 dum
1321 2334 1523 2388 transit
1540 2334 1722 2389 clausa
1739 2335 2057 2391 domorum·

343 2424 450 2463 vox
486 2408 811 2476 optunditur
844 2412 1009 2476 atque
1045 2410 1193 2462 auris
1227 2411 1452 2465 confusa
1485 2412 1740 2478 penetrat

344 2487 403 2538 et
438 2484 674 2538 sonitum
708 2484 893 2553 potius
928 2501 1089 2553 quam
1127 2485 1293 2539 verba
1328 2486 1522 2539 audire
1557 2484 1819 2541 videmur.
2242 2538 2245 2545 .

414 2561 465 2614 N
469 2577 545 2625 ec,
584 2560 677 2628 qui
712 2558 976 2614 sentimus
1011 2577 1216 2627 sucum,
1251 2562 1437 2629 lingua
1471 2565 1640 2631 atque
1672 2561 1916 2632 palatum
1983 2576 2057 2616 615
2243 2550 2245 2609 ἶ

342 2635 646 2707 plusculum
680 2634 887 2689 habent
920 2637 975 2689 in
1010 2652 1071 2690 se
1105 2637 1332 2692 rationis
1367 2638 1489 2708 plus
1524 2653 1798 2707 operaevo.
1959 2607 2183 2707 'stiffi

340 2712 604 2782 principio
639 2726 829 2765 sucum
865 2712 1129 2767 sentimus
1164 2712 1223 2767 in
1258 2731 1368 2782 ore,
1406 2713 1588 2768 cibum
1625 2731 1748 2769 cum

340 2787 651 2843 mandendo
686 2788 1054 2857 exprimimus,
1089 2807 1194 2845 ceu
1227 2789 1442 2861 plenam
1480 2792 1763 2861 spongiam
1797 2790 1962 2861 aquai

342 2864 511 2933 siquis
543 2864 689 2918 forte
723 2880 888 2917 manu
921 2882 1176 2934 premere
1212 2884 1277 2922 ac
1311 2867 1512 2921 siccare
1549 2866 1744 2935 coepit.
1915 2936 1922 2939 -

336 2939 465 2993 inde
502 2940 650 3009 quod
684 2940 1039 3011 exprimimus
1072 2959 1177 3011 per
1210 2943 1393 2997 caulas
1427 2959 1585 2996 omne
1619 2942 1792 3012 palati
1979 2958 2054 3001 620

340 3015 553 3069 diditur
586 3020 645 3069 et
680 3032 840 3070 rarae
873 3018 1136 3087 perplexa
1169 3018 1436 3072 foramina
1467 3018 1702 3086 linguae.

339 3091 441 3145 hoc
475 3092 569 3145 ubi
607 3092 747 3147 levia
781 3095 911 3147 sunt
944 3095 1219 3148 manantis
1252 3110 1482 3163 corpora
1513 3094 1645 3161 suci,

340 3166 583 3221 suaviter
618 3168 901 3236 attingunt
934 3170 995 3223 et
1029 3169 1271 3224 suaviter
1304 3170 1484 3224 omnia
1518 3172 1762 3225 tractant
