<?xml version="1.0" encoding="UTF-8"?>
<!DOCTYPE html PUBLIC "-//W3C//DTD XHTML 1.0 Transitional//EN"
    "http://www.w3.org/TR/xhtml1/DTD/xhtml1-transitional.dtd">
<html xmlns="http://www.w3.org/1999/xhtml" xml:lang="en" lang="en">
 <head>
  <title>
</title>
<meta http-equiv="Content-Type" content="text/html;charset=utf-8" />
  <meta name='ocr-system' content='tesseract 3.04.00' />
  <meta name='ocr-capabilities' content='ocr_page ocr_carea ocr_par ocr_line ocrx_word'/>
</head>
<body>
  <div class='ocr_page' id='page_1' title='image "./tlucreticarider09munrgoog_0138.png"; bbox 0 0 2259 3550; ppageno 0'>
   <div class='ocr_carea' id='block_1_1' title="bbox 136 199 208 224">
    <p class='ocr_par' dir='ltr' id='par_1_1' title="bbox 136 199 208 224">
     <span class='ocr_line' id='line_1_1' title="bbox 136 199 208 224; baseline -0.014 -5"><span class='ocrx_word' id='word_1_1' title='bbox 136 199 208 224; x_wconf 47' lang='lat' dir='ltr'><strong>„n</strong></span> 
     </span>
    </p>
   </div>
   <div class='ocr_carea' id='block_1_2' title="bbox 233 113 1147 172">
    <p class='ocr_par' dir='ltr' id='par_1_2' title="bbox 233 113 1147 172">
     <span class='ocr_line' id='line_1_2' title="bbox 233 113 1147 172; baseline -0.002 0"><span class='ocrx_word' id='word_1_2' title='bbox 233 114 309 172; x_wconf 85' lang='lat'><strong>92</strong></span> <span class='ocrx_word' id='word_1_3' title='bbox 999 113 1147 170; x_wconf 92' lang='lat' dir='ltr'>IIII</span> 
     </span>
    </p>
   </div>
   <div class='ocr_carea' id='block_1_3' title="bbox 61 185 1819 289">
    <p class='ocr_par' dir='ltr' id='par_1_3' title="bbox 61 185 1819 289">
     <span class='ocr_line' id='line_1_3' title="bbox 61 185 1819 289; baseline -0.001 -15"><span class='ocrx_word' id='word_1_4' title='bbox 61 211 143 286; x_wconf 44' lang='grc' dir='ltr'><strong>*ᾗ</strong></span> <span class='ocrx_word' id='word_1_5' title='bbox 210 185 375 288; x_wconf 52' lang='lat' dir='ltr'><strong>⁶quod</strong></span> <span class='ocrx_word' id='word_1_6' title='bbox 412 219 731 289; x_wconf 71' lang='lat' dir='ltr'><strong>iaculentur.</strong></span> <span class='ocrx_word' id='word_1_7' title='bbox 766 223 827 272; x_wconf 90' lang='lat' dir='ltr'><strong>ct</strong></span> <span class='ocrx_word' id='word_1_8' title='bbox 863 219 967 273; x_wconf 88' lang='lat' dir='ltr'><strong>hoc</strong></span> <span class='ocrx_word' id='word_1_9' title='bbox 1003 218 1138 273; x_wconf 84' lang='lat' dir='ltr'><strong>alias</strong></span> <span class='ocrx_word' id='word_1_10' title='bbox 1173 235 1299 272; x_wconf 89' lang='lat' dir='ltr'><strong>cum</strong></span> <span class='ocrx_word' id='word_1_11' title='bbox 1333 220 1586 288; x_wconf 84' lang='lat' dir='ltr'><strong>pervenit</strong></span> <span class='ocrx_word' id='word_1_12' title='bbox 1621 218 1678 272; x_wconf 88' lang='lat' dir='ltr'><strong>in</strong></span> <span class='ocrx_word' id='word_1_13' title='bbox 1715 236 1819 285; x_wconf 87' lang='lat' dir='ltr'><strong>res,</strong></span> 
     </span>
    </p>
   </div>
   <div class='ocr_carea' id='block_1_4' title="bbox 64 291 112 322">
    <p class='ocr_par' dir='ltr' id='par_1_4' title="bbox 64 291 112 322">
     <span class='ocr_line' id='line_1_4' title="bbox 64 291 112 322; baseline 0 -22"><span class='ocrx_word' id='word_1_14' title='bbox 64 291 112 322; x_wconf 34' lang='grc' dir='ltr'><strong>ἦ-</strong></span> 
     </span>
    </p>
   </div>
   <div class='ocr_carea' id='block_1_5' title="bbox 74 393 190 425">
    <p class='ocr_par' dir='ltr' id='par_1_5' title="bbox 74 393 190 425">
     <span class='ocr_line' id='line_1_5' title="bbox 92 393 190 410; baseline 0.01 -1"><span class='ocrx_word' id='word_1_15' title='bbox 92 393 190 410; x_wconf 57' lang='grc' dir='ltr'><strong>,ινί</strong></span> 
     </span>
     <span class='ocr_line' id='line_1_6' title="bbox 74 409 135 425; baseline 0.016 -1"><span class='ocrx_word' id='word_1_16' title='bbox 74 413 87 424; x_wconf 70' lang='lat' dir='ltr'>v</span> <span class='ocrx_word' id='word_1_17' title='bbox 125 409 135 425; x_wconf 77' lang='grc'>1</span> 
     </span>
    </p>
   </div>
   <div class='ocr_carea' id='block_1_6' title="bbox 53 443 181 540">
    <p class='ocr_par' dir='ltr' id='par_1_6' title="bbox 53 443 181 540">
     <span class='ocr_line' id='line_1_7' title="bbox 53 443 155 498; baseline 0.01 -14"><span class='ocrx_word' id='word_1_18' title='bbox 53 443 155 498; x_wconf 46' lang='grc' dir='ltr'><strong>,Γίο</strong></span> 
     </span>
     <span class='ocr_line' id='line_1_8' title="bbox 138 498 181 540; baseline 0 0"><span class='ocrx_word' id='word_1_19' title='bbox 138 498 181 540; x_wconf 44' lang='lat' dir='ltr'><strong>A*</strong></span> 
     </span>
    </p>
   </div>
   <div class='ocr_carea' id='block_1_7' title="bbox 17 523 211 616">
    <p class='ocr_par' dir='ltr' id='par_1_7' title="bbox 17 523 211 616">
     <span class='ocr_line' id='line_1_9' title="bbox 17 523 211 616; baseline -0.026 -20"><span class='ocrx_word' id='word_1_20' title='bbox 17 523 63 596; x_wconf 59' lang='grc' dir='ltr'><strong>ἷξε</strong></span> <span class='ocrx_word' id='word_1_21' title='bbox 78 532 151 616; x_wconf 52' lang='lat'><strong>232</strong></span> <span class='ocrx_word' id='word_1_22' title='bbox 162 555 211 586; x_wconf 51' lang='lat' dir='ltr'><strong>„v</strong></span> 
     </span>
    </p>
   </div>
   <div class='ocr_carea' id='block_1_8' title="bbox 24 658 51 677">
    <p class='ocr_par' dir='ltr' id='par_1_8' title="bbox 24 658 51 677">
     <span class='ocr_line' id='line_1_10' title="bbox 24 658 51 677; baseline 0 0"><span class='ocrx_word' id='word_1_23' title='bbox 24 658 51 677; x_wconf 68' lang='lat' dir='ltr'>V</span> 
     </span>
    </p>
   </div>
   <div class='ocr_carea' id='block_1_9' title="bbox 190 293 1784 440">
    <p class='ocr_par' dir='ltr' id='par_1_9' title="bbox 121 293 1784 440">
     <span class='ocr_line' id='line_1_11' title="bbox 230 293 1784 365; baseline 0.002 -18.803"><span class='ocrx_word' id='word_1_24' title='bbox 230 295 447 364; x_wconf 56' lang='lat' dir='ltr'><strong>transit,</strong></span> <span class='ocrx_word' id='word_1_25' title='bbox 482 299 549 349; x_wconf 91' lang='lat' dir='ltr'><strong>ut</strong></span> <span class='ocrx_word' id='word_1_26' title='bbox 582 295 639 348; x_wconf 91' lang='lat' dir='ltr'><strong>in</strong></span> <span class='ocrx_word' id='word_1_27' title='bbox 674 295 864 365; x_wconf 83' lang='lat' dir='ltr'><strong>primis</strong></span> <span class='ocrx_word' id='word_1_28' title='bbox 903 296 1119 349; x_wconf 81' lang='lat' dir='ltr'><strong>vitrum.</strong></span> <span class='ocrx_word' id='word_1_29' title='bbox 1156 295 1254 349; x_wconf 91' lang='lat' dir='ltr'><strong>sed</strong></span> <span class='ocrx_word' id='word_1_30' title='bbox 1289 293 1384 348; x_wconf 91' lang='lat' dir='ltr'><strong>ubi</strong></span> <span class='ocrx_word' id='word_1_31' title='bbox 1419 311 1615 364; x_wconf 83' lang='lat' dir='ltr'><strong>aspera</strong></span> <span class='ocrx_word' id='word_1_32' title='bbox 1651 312 1784 350; x_wconf 85' lang='lat' dir='ltr'><strong>saxa</strong></span> 
     </span>
     <span class='ocr_line' id='line_1_12' title="bbox 190 351 1471 440; baseline 0.001 -16"><span class='ocrx_word' id='word_1_33' title='bbox 190 351 331 424; x_wconf 47' lang='lat' dir='ltr'><strong>finit</strong></span> <span class='ocrx_word' id='word_1_34' title='bbox 364 371 421 424; x_wconf 90' lang='lat' dir='ltr'><strong>in</strong></span> <span class='ocrx_word' id='word_1_35' title='bbox 456 371 743 425; x_wconf 73' lang='lat' dir='ltr'><strong>materiam</strong></span> <span class='ocrx_word' id='word_1_36' title='bbox 778 371 914 439; x_wconf 90' lang='lat' dir='ltr'><strong>ligni</strong></span> <span class='ocrx_word' id='word_1_37' title='bbox 949 373 1216 440; x_wconf 83' lang='lat' dir='ltr'><strong>pervenit,</strong></span> <span class='ocrx_word' id='word_1_38' title='bbox 1250 370 1330 424; x_wconf 91' lang='lat' dir='ltr'><strong>ibi</strong></span> <span class='ocrx_word' id='word_1_39' title='bbox 1363 372 1471 425; x_wconf 83' lang='lat' dir='ltr'><strong>iam</strong></span> 
     </span>
    </p>
   </div>
   <div class='ocr_carea' id='block_1_10' title="bbox 222 446 2052 2491">
    <p class='ocr_par' dir='ltr' id='par_1_10' title="bbox 228 446 1727 517">
     <span class='ocr_line' id='line_1_13' title="bbox 228 446 1727 517; baseline 0.002 -17"><span class='ocrx_word' id='word_1_40' title='bbox 228 446 499 501; x_wconf 83' lang='lat' dir='ltr'><strong>scinditur</strong></span> <span class='ocrx_word' id='word_1_41' title='bbox 532 450 598 500; x_wconf 90' lang='lat' dir='ltr'><strong>ut</strong></span> <span class='ocrx_word' id='word_1_42' title='bbox 634 447 845 500; x_wconf 88' lang='lat' dir='ltr'><strong>nullum</strong></span> <span class='ocrx_word' id='word_1_43' title='bbox 882 447 1230 502; x_wconf 82' lang='lat' dir='ltr'>simulacrum</span> <span class='ocrx_word' id='word_1_44' title='bbox 1267 447 1504 501; x_wconf 85' lang='lat' dir='ltr'><strong>reddere</strong></span> <span class='ocrx_word' id='word_1_45' title='bbox 1539 449 1727 517; x_wconf 77' lang='lat' dir='ltr'><strong>possit.</strong></span> 
     </span>
    </p>

    <p class='ocr_par' dir='ltr' id='par_1_11' title="bbox 228 521 1935 593">
     <span class='ocr_line' id='line_1_14' title="bbox 228 521 1935 593; baseline 0.002 -17"><span class='ocrx_word' id='word_1_46' title='bbox 228 525 288 576; x_wconf 83' lang='lat' dir='ltr'><strong>at</strong></span> <span class='ocrx_word' id='word_1_47' title='bbox 324 539 449 576; x_wconf 90' lang='lat' dir='ltr'><strong>cum</strong></span> <span class='ocrx_word' id='word_1_48' title='bbox 488 521 779 593; x_wconf 83' lang='lat' dir='ltr'><strong>splendida</strong></span> <span class='ocrx_word' id='word_1_49' title='bbox 813 539 955 591; x_wconf 78' lang='lat' dir='ltr'><strong>quae</strong></span> <span class='ocrx_word' id='word_1_50' title='bbox 990 525 1244 577; x_wconf 81' lang='lat' dir='ltr'><strong>constant</strong></span> <span class='ocrx_word' id='word_1_51' title='bbox 1279 526 1513 592; x_wconf 86' lang='lat' dir='ltr'><strong>opposta</strong></span> <span class='ocrx_word' id='word_1_52' title='bbox 1545 524 1772 578; x_wconf 71' lang='lat' dir='ltr'><strong>fuerunt</strong></span> <span class='ocrx_word' id='word_1_53' title='bbox 1865 539 1935 580; x_wconf 78' lang='lat'><strong>15⁰</strong></span> 
     </span>
    </p>

    <p class='ocr_par' dir='ltr' id='par_1_12' title="bbox 228 597 1899 669">
     <span class='ocr_line' id='line_1_15' title="bbox 228 597 1899 669; baseline 0.001 -17"><span class='ocrx_word' id='word_1_54' title='bbox 228 598 518 666; x_wconf 86' lang='lat' dir='ltr'><strong>densaque,</strong></span> <span class='ocrx_word' id='word_1_55' title='bbox 542 600 607 652; x_wconf 91' lang='lat' dir='ltr'><strong>ut</strong></span> <span class='ocrx_word' id='word_1_56' title='bbox 632 599 686 650; x_wconf 89' lang='lat' dir='ltr'><strong>in</strong></span> <span class='ocrx_word' id='word_1_57' title='bbox 712 598 906 669; x_wconf 87' lang='lat' dir='ltr'><strong>primis</strong></span> <span class='ocrx_word' id='word_1_58' title='bbox 931 597 1213 666; x_wconf 85' lang='lat' dir='ltr'><strong>speculum</strong></span> <span class='ocrx_word' id='word_1_59' title='bbox 1238 601 1340 664; x_wconf 90' lang='lat' dir='ltr'><strong>est,</strong></span> <span class='ocrx_word' id='word_1_60' title='bbox 1363 597 1439 652; x_wconf 89' lang='lat' dir='ltr'><strong>nil</strong></span> <span class='ocrx_word' id='word_1_61' title='bbox 1463 598 1667 653; x_wconf 82' lang='lat' dir='ltr'><strong>accidit</strong></span> <span class='ocrx_word' id='word_1_62' title='bbox 1689 599 1899 654; x_wconf 82' lang='lat' dir='ltr'><strong>horum.</strong></span> 
     </span>
    </p>

    <p class='ocr_par' dir='ltr' id='par_1_13' title="bbox 229 673 1960 744">
     <span class='ocr_line' id='line_1_16' title="bbox 229 673 1960 744; baseline 0.003 -18"><span class='ocrx_word' id='word_1_63' title='bbox 229 690 354 728; x_wconf 87' lang='lat' dir='ltr'><strong>nam</strong></span> <span class='ocrx_word' id='word_1_64' title='bbox 379 690 571 744; x_wconf 87' lang='lat' dir='ltr'><strong>neque,</strong></span> <span class='ocrx_word' id='word_1_65' title='bbox 598 674 681 728; x_wconf 89' lang='lat' dir='ltr'><strong>uti</strong></span> <span class='ocrx_word' id='word_1_66' title='bbox 706 674 924 740; x_wconf 79' lang='lat' dir='ltr'><strong>vitrum,</strong></span> <span class='ocrx_word' id='word_1_67' title='bbox 948 673 1094 742; x_wconf 89' lang='lat' dir='ltr'><strong>potis</strong></span> <span class='ocrx_word' id='word_1_68' title='bbox 1118 677 1207 727; x_wconf 85' lang='lat' dir='ltr'><strong>est</strong></span> <span class='ocrx_word' id='word_1_69' title='bbox 1230 674 1481 742; x_wconf 82' lang='lat' dir='ltr'><strong>transire,</strong></span> <span class='ocrx_word' id='word_1_70' title='bbox 1504 690 1682 744; x_wconf 87' lang='lat' dir='ltr'><strong>neque</strong></span> <span class='ocrx_word' id='word_1_71' title='bbox 1703 678 1890 730; x_wconf 85' lang='lat' dir='ltr'><strong>autem</strong></span> <span class='ocrx_word' id='word_1_72' title='bbox 1951 726 1960 732; x_wconf 84' lang='lat'>.</span> 
     </span>
    </p>

    <p class='ocr_par' dir='ltr' id='par_1_14' title="bbox 228 701 2052 833">
     <span class='ocr_line' id='line_1_17' title="bbox 228 701 2052 833; baseline 0 -29"><span class='ocrx_word' id='word_1_73' title='bbox 228 749 431 816; x_wconf 89' lang='lat' dir='ltr'><strong>scindi;</strong></span> <span class='ocrx_word' id='word_1_74' title='bbox 466 767 631 819; x_wconf 85' lang='lat' dir='ltr'><strong>quam</strong></span> <span class='ocrx_word' id='word_1_75' title='bbox 666 749 913 804; x_wconf 75' lang='lat' dir='ltr'><strong>meminit</strong></span> <span class='ocrx_word' id='word_1_76' title='bbox 948 748 1099 816; x_wconf 81' lang='lat' dir='ltr'><strong>lcv9r</strong></span> <span class='ocrx_word' id='word_1_77' title='bbox 1132 752 1418 818; x_wconf 83' lang='lat' dir='ltr'><strong>praestare</strong></span> <span class='ocrx_word' id='word_1_78' title='bbox 1454 750 1704 804; x_wconf 85' lang='lat' dir='ltr'><strong>salutem.</strong></span> <span class='ocrx_word' id='word_1_79' title='bbox 1831 701 2052 833; x_wconf 45' lang='grc' dir='ltr'><em>Μ</em></span> 
     </span>
    </p>

    <p class='ocr_par' dir='ltr' id='par_1_15' title="bbox 229 823 1800 896">
     <span class='ocr_line' id='line_1_18' title="bbox 229 823 1800 896; baseline 0 -16"><span class='ocrx_word' id='word_1_80' title='bbox 229 830 565 896; x_wconf 84' lang='lat' dir='ltr'><strong>quapropter</strong></span> <span class='ocrx_word' id='word_1_81' title='bbox 600 826 665 879; x_wconf 88' lang='lat' dir='ltr'><strong>fit</strong></span> <span class='ocrx_word' id='word_1_82' title='bbox 699 829 763 879; x_wconf 91' lang='lat' dir='ltr'><strong>ut</strong></span> <span class='ocrx_word' id='word_1_83' title='bbox 797 825 923 878; x_wconf 89' lang='lat' dir='ltr'><strong>hinc</strong></span> <span class='ocrx_word' id='word_1_84' title='bbox 959 824 1114 877; x_wconf 84' lang='lat' dir='ltr'><strong>nobis</strong></span> <span class='ocrx_word' id='word_1_85' title='bbox 1153 825 1440 878; x_wconf 84' lang='lat' dir='ltr'><strong>simulacra</strong></span> <span class='ocrx_word' id='word_1_86' title='bbox 1474 823 1800 880; x_wconf 80' lang='lat' dir='ltr'><strong>redundent.</strong></span> 
     </span>
    </p>

    <p class='ocr_par' dir='ltr' id='par_1_16' title="bbox 228 900 1935 972">
     <span class='ocr_line' id='line_1_19' title="bbox 228 900 1935 972; baseline 0 -17"><span class='ocrx_word' id='word_1_87' title='bbox 228 905 288 956; x_wconf 90' lang='lat' dir='ltr'><strong>ct</strong></span> <span class='ocrx_word' id='word_1_88' title='bbox 322 902 567 972; x_wconf 76' lang='lat' dir='ltr'><strong>quamvis</strong></span> <span class='ocrx_word' id='word_1_89' title='bbox 602 901 782 956; x_wconf 87' lang='lat' dir='ltr'><strong>subito</strong></span> <span class='ocrx_word' id='word_1_90' title='bbox 818 900 1009 968; x_wconf 82' lang='lat' dir='ltr'><strong>quovis</strong></span> <span class='ocrx_word' id='word_1_91' title='bbox 1043 901 1099 953; x_wconf 94' lang='lat' dir='ltr'><strong>in</strong></span> <span class='ocrx_word' id='word_1_92' title='bbox 1136 904 1386 968; x_wconf 81' lang='lat' dir='ltr'><strong>tempore</strong></span> <span class='ocrx_word' id='word_1_93' title='bbox 1421 917 1694 968; x_wconf 85' lang='lat' dir='ltr'><strong>quamque</strong></span> <span class='ocrx_word' id='word_1_94' title='bbox 1863 916 1935 956; x_wconf 87' lang='lat'><strong>155</strong></span> 
     </span>
    </p>

    <p class='ocr_par' dir='ltr' id='par_1_17' title="bbox 230 976 1625 1046">
     <span class='ocr_line' id='line_1_20' title="bbox 230 976 1625 1046; baseline -0.001 -16"><span class='ocrx_word' id='word_1_95' title='bbox 230 994 346 1031; x_wconf 85' lang='lat' dir='ltr'><strong>rem</strong></span> <span class='ocrx_word' id='word_1_96' title='bbox 381 981 573 1031; x_wconf 85' lang='lat' dir='ltr'><strong>contra</strong></span> <span class='ocrx_word' id='word_1_97' title='bbox 609 977 888 1046; x_wconf 87' lang='lat' dir='ltr'><strong>speculum</strong></span> <span class='ocrx_word' id='word_1_98' title='bbox 924 992 1109 1045; x_wconf 81' lang='lat' dir='ltr'><strong>ponaS,</strong></span> <span class='ocrx_word' id='word_1_99' title='bbox 1149 979 1382 1045; x_wconf 82' lang='lat' dir='ltr'><strong>apparet</strong></span> <span class='ocrx_word' id='word_1_100' title='bbox 1414 976 1596 1044; x_wconf 84' lang='lat' dir='ltr'>imago</span> <span class='ocrx_word' id='word_1_101' title='bbox 1604 997 1625 1040; x_wconf 74' lang='lat'><em>3</em></span> 
     </span>
    </p>

    <p class='ocr_par' dir='ltr' id='par_1_18' title="bbox 229 1053 1608 1123">
     <span class='ocr_line' id='line_1_21' title="bbox 229 1053 1608 1123; baseline -0.001 -17"><span class='ocrx_word' id='word_1_102' title='bbox 229 1058 497 1123; x_wconf 72' lang='lat' dir='ltr'><strong>perpetuo</strong></span> <span class='ocrx_word' id='word_1_103' title='bbox 538 1053 705 1107; x_wconf 87' lang='lat' dir='ltr'><strong>fluere</strong></span> <span class='ocrx_word' id='word_1_104' title='bbox 738 1056 802 1106; x_wconf 86' lang='lat' dir='ltr'><strong>ut</strong></span> <span class='ocrx_word' id='word_1_105' title='bbox 838 1069 1027 1106; x_wconf 86' lang='lat' dir='ltr'><strong>noscas</strong></span> <span class='ocrx_word' id='word_1_106' title='bbox 1062 1069 1095 1106; x_wconf 98' lang='lat' dir='ltr'><strong>e</strong></span> <span class='ocrx_word' id='word_1_107' title='bbox 1130 1069 1359 1121; x_wconf 83' lang='lat' dir='ltr'><strong>corpore</strong></span> <span class='ocrx_word' id='word_1_108' title='bbox 1397 1068 1608 1105; x_wconf 87' lang='lat' dir='ltr'><strong>summo</strong></span> 
     </span>
    </p>

    <p class='ocr_par' dir='ltr' id='par_1_19' title="bbox 231 1127 1498 1196">
     <span class='ocr_line' id='line_1_22' title="bbox 231 1127 1498 1196; baseline -0.002 -14"><span class='ocrx_word' id='word_1_109' title='bbox 231 1132 483 1182; x_wconf 77' lang='lat' dir='ltr'><strong>texturas</strong></span> <span class='ocrx_word' id='word_1_110' title='bbox 520 1145 701 1182; x_wconf 88' lang='lat' dir='ltr'><strong>rerum</strong></span> <span class='ocrx_word' id='word_1_111' title='bbox 739 1127 921 1182; x_wconf 89' lang='lat' dir='ltr'><strong>tenuis</strong></span> <span class='ocrx_word' id='word_1_112' title='bbox 957 1129 1246 1196; x_wconf 82' lang='lat' dir='ltr'><strong>tenuisque</strong></span> <span class='ocrx_word' id='word_1_113' title='bbox 1282 1127 1498 1195; x_wconf 85' lang='lat' dir='ltr'><strong>figuras.</strong></span> 
     </span>
    </p>

    <p class='ocr_par' dir='ltr' id='par_1_20' title="bbox 230 1203 1896 1274">
     <span class='ocr_line' id='line_1_23' title="bbox 230 1203 1896 1274; baseline -0.001 -16"><span class='ocrx_word' id='word_1_114' title='bbox 230 1221 363 1273; x_wconf 82' lang='lat' dir='ltr'><strong>ergo</strong></span> <span class='ocrx_word' id='word_1_115' title='bbox 398 1205 572 1258; x_wconf 81' lang='lat' dir='ltr'><strong>multa</strong></span> <span class='ocrx_word' id='word_1_116' title='bbox 608 1204 760 1258; x_wconf 85' lang='lat' dir='ltr'><strong>brevi</strong></span> <span class='ocrx_word' id='word_1_117' title='bbox 799 1203 974 1274; x_wconf 86' lang='lat' dir='ltr'><strong>spatio</strong></span> <span class='ocrx_word' id='word_1_118' title='bbox 1011 1204 1300 1258; x_wconf 84' lang='lat' dir='ltr'><strong>simulacra</strong></span> <span class='ocrx_word' id='word_1_119' title='bbox 1334 1206 1626 1271; x_wconf 61' lang='lat' dir='ltr'><strong>genantur„</strong></span> <span class='ocrx_word' id='word_1_120' title='bbox 1891 1267 1896 1271; x_wconf 22' lang='lat'><em>¹</em></span> 
     </span>
    </p>

    <p class='ocr_par' dir='ltr' id='par_1_21' title="bbox 232 1279 1937 1346">
     <span class='ocr_line' id='line_1_24' title="bbox 232 1279 1937 1346; baseline -0.002 -12"><span class='ocrx_word' id='word_1_121' title='bbox 232 1284 295 1334; x_wconf 88' lang='lat' dir='ltr'><strong>ut</strong></span> <span class='ocrx_word' id='word_1_122' title='bbox 329 1281 527 1334; x_wconf 74' lang='lat' dir='ltr'><strong>merito</strong></span> <span class='ocrx_word' id='word_1_123' title='bbox 563 1281 708 1334; x_wconf 89' lang='lat' dir='ltr'><strong>celer</strong></span> <span class='ocrx_word' id='word_1_124' title='bbox 743 1279 826 1334; x_wconf 79' lang='lat' dir='ltr'><strong>his</strong></span> <span class='ocrx_word' id='word_1_125' title='bbox 862 1280 1025 1333; x_wconf 87' lang='lat' dir='ltr'><strong>rebus</strong></span> <span class='ocrx_word' id='word_1_126' title='bbox 1060 1279 1278 1333; x_wconf 83' lang='lat' dir='ltr'><strong>dicatur</strong></span> <span class='ocrx_word' id='word_1_127' title='bbox 1314 1279 1477 1346; x_wconf 84' lang='lat' dir='ltr'><strong>origo.</strong></span> <span class='ocrx_word' id='word_1_128' title='bbox 1862 1292 1937 1331; x_wconf 81' lang='lat'><strong>16⁰</strong></span> 
     </span>
    </p>

    <p class='ocr_par' dir='ltr' id='par_1_22' title="bbox 232 1354 1676 1434">
     <span class='ocr_line' id='line_1_25' title="bbox 232 1354 1676 1434; baseline -0.003 -23"><span class='ocrx_word' id='word_1_129' title='bbox 232 1360 291 1411; x_wconf 87' lang='lat' dir='ltr'><strong>ct</strong></span> <span class='ocrx_word' id='word_1_130' title='bbox 326 1358 479 1425; x_wconf 85' lang='lat' dir='ltr'><strong>quasi</strong></span> <span class='ocrx_word' id='word_1_131' title='bbox 516 1357 689 1410; x_wconf 84' lang='lat' dir='ltr'><strong>multa</strong></span> <span class='ocrx_word' id='word_1_132' title='bbox 722 1356 873 1410; x_wconf 87' lang='lat' dir='ltr'><strong>brevi</strong></span> <span class='ocrx_word' id='word_1_133' title='bbox 913 1355 1087 1424; x_wconf 80' lang='lat' dir='ltr'><strong>spatio</strong></span> <span class='ocrx_word' id='word_1_134' title='bbox 1125 1355 1469 1408; x_wconf 74' lang='lat' dir='ltr'><strong>summittere</strong></span> <span class='ocrx_word' id='word_1_135' title='bbox 1506 1354 1676 1434; x_wconf 68' lang='lat' dir='ltr'><strong>‹lgbet</strong></span> 
     </span>
    </p>

    <p class='ocr_par' dir='ltr' id='par_1_23' title="bbox 232 1431 1519 1501">
     <span class='ocr_line' id='line_1_26' title="bbox 232 1431 1519 1501; baseline -0.002 -15"><span class='ocrx_word' id='word_1_136' title='bbox 232 1435 434 1486; x_wconf 80' lang='lat' dir='ltr'><strong>lumina</strong></span> <span class='ocrx_word' id='word_1_137' title='bbox 468 1434 544 1486; x_wconf 91' lang='lat' dir='ltr'><strong>sol</strong></span> <span class='ocrx_word' id='word_1_138' title='bbox 584 1437 647 1486; x_wconf 92' lang='lat' dir='ltr'><strong>ut</strong></span> <span class='ocrx_word' id='word_1_139' title='bbox 682 1436 949 1501; x_wconf 80' lang='lat' dir='ltr'><strong>perpetuo</strong></span> <span class='ocrx_word' id='word_1_140' title='bbox 986 1433 1095 1486; x_wconf 84' lang='lat' dir='ltr'><strong>sint</strong></span> <span class='ocrx_word' id='word_1_141' title='bbox 1130 1432 1312 1485; x_wconf 83' lang='lat' dir='ltr'><strong>omnia</strong></span> <span class='ocrx_word' id='word_1_142' title='bbox 1344 1431 1519 1499; x_wconf 81' lang='lat' dir='ltr'><strong>plena,</strong></span> 
     </span>
    </p>

    <p class='ocr_par' dir='ltr' id='par_1_24' title="bbox 229 1507 1548 1564">
     <span class='ocr_line' id='line_1_27' title="bbox 229 1507 1548 1564; baseline -0.001 -2"><span class='ocrx_word' id='word_1_143' title='bbox 229 1510 306 1564; x_wconf 90' lang='lat' dir='ltr'><strong>sic</strong></span> <span class='ocrx_word' id='word_1_144' title='bbox 344 1509 414 1563; x_wconf 82' lang='lat' dir='ltr'><strong>ab</strong></span> <span class='ocrx_word' id='word_1_145' title='bbox 450 1508 617 1562; x_wconf 84' lang='lat' dir='ltr'><strong>rebus</strong></span> <span class='ocrx_word' id='word_1_146' title='bbox 652 1509 786 1562; x_wconf 89' lang='lat' dir='ltr'><strong>item</strong></span> <span class='ocrx_word' id='word_1_147' title='bbox 825 1508 986 1561; x_wconf 86' lang='lat' dir='ltr'><strong>simili</strong></span> <span class='ocrx_word' id='word_1_148' title='bbox 1024 1507 1236 1560; x_wconf 87' lang='lat' dir='ltr'><strong>ratione</strong></span> <span class='ocrx_word' id='word_1_149' title='bbox 1272 1511 1548 1561; x_wconf 78' lang='lat' dir='ltr'><strong>necessest</strong></span> 
     </span>
    </p>

    <p class='ocr_par' dir='ltr' id='par_1_25' title="bbox 230 1583 1648 1654">
     <span class='ocr_line' id='line_1_28' title="bbox 230 1583 1648 1654; baseline -0.003 -16"><span class='ocrx_word' id='word_1_150' title='bbox 230 1585 492 1654; x_wconf 87' lang='lat' dir='ltr'><strong>temporis</strong></span> <span class='ocrx_word' id='word_1_151' title='bbox 527 1585 581 1636; x_wconf 88' lang='lat' dir='ltr'><strong>in</strong></span> <span class='ocrx_word' id='word_1_152' title='bbox 620 1589 825 1653; x_wconf 88' lang='lat' dir='ltr'><strong>puncto</strong></span> <span class='ocrx_word' id='word_1_153' title='bbox 860 1600 1043 1638; x_wconf 86' lang='lat' dir='ltr'><strong>rcrmn</strong></span> <span class='ocrx_word' id='word_1_154' title='bbox 1080 1583 1367 1636; x_wconf 84' lang='lat' dir='ltr'><strong>simulacra</strong></span> <span class='ocrx_word' id='word_1_155' title='bbox 1403 1583 1648 1636; x_wconf 79' lang='lat' dir='ltr'><strong>serantur</strong></span> 
     </span>
    </p>

    <p class='ocr_par' dir='ltr' id='par_1_26' title="bbox 227 1658 1933 1727">
     <span class='ocr_line' id='line_1_29' title="bbox 227 1658 1933 1727; baseline -0.001 -14"><span class='ocrx_word' id='word_1_156' title='bbox 227 1660 400 1714; x_wconf 87' lang='lat' dir='ltr'><strong>multa</strong></span> <span class='ocrx_word' id='word_1_157' title='bbox 434 1660 610 1712; x_wconf 85' lang='lat' dir='ltr'><strong>modis</strong></span> <span class='ocrx_word' id='word_1_158' title='bbox 646 1660 831 1714; x_wconf 85' lang='lat' dir='ltr'><strong>multis</strong></span> <span class='ocrx_word' id='word_1_159' title='bbox 867 1661 921 1713; x_wconf 91' lang='lat' dir='ltr'><strong>in</strong></span> <span class='ocrx_word' id='word_1_160' title='bbox 956 1664 1182 1714; x_wconf 60' lang='lat' dir='ltr'><strong>cunctas</strong></span> <span class='ocrx_word' id='word_1_161' title='bbox 1216 1658 1458 1727; x_wconf 89' lang='lat' dir='ltr'><strong>undiquc</strong></span> <span class='ocrx_word' id='word_1_162' title='bbox 1494 1658 1696 1727; x_wconf 79' lang='lat' dir='ltr'><strong>partis3</strong></span> <span class='ocrx_word' id='word_1_163' title='bbox 1861 1673 1933 1712; x_wconf 76' lang='lat'><strong>165</strong></span> 
     </span>
    </p>

    <p class='ocr_par' dir='ltr' id='par_1_27' title="bbox 227 1733 1894 1806">
     <span class='ocr_line' id='line_1_30' title="bbox 227 1733 1894 1806; baseline -0.002 -15"><span class='ocrx_word' id='word_1_164' title='bbox 227 1735 671 1806; x_wconf 82' lang='lat' dir='ltr'><strong>quandoquidem</strong></span> <span class='ocrx_word' id='word_1_165' title='bbox 708 1736 988 1805; x_wconf 86' lang='lat' dir='ltr'><strong>speculum</strong></span> <span class='ocrx_word' id='word_1_166' title='bbox 1024 1751 1366 1803; x_wconf 89' lang='lat' dir='ltr'><strong>quocumque</strong></span> <span class='ocrx_word' id='word_1_167' title='bbox 1401 1734 1734 1789; x_wconf 84' lang='lat' dir='ltr'><strong>obvertimus</strong></span> <span class='ocrx_word' id='word_1_168' title='bbox 1769 1733 1894 1801; x_wconf 87' lang='lat' dir='ltr'><strong>oris,</strong></span> 
     </span>
    </p>

    <p class='ocr_par' dir='ltr' id='par_1_28' title="bbox 227 1810 1743 1959">
     <span class='ocr_line' id='line_1_31' title="bbox 227 1810 1633 1881; baseline -0.001 -14"><span class='ocrx_word' id='word_1_169' title='bbox 227 1830 317 1867; x_wconf 84' lang='lat' dir='ltr'><strong>res</strong></span> <span class='ocrx_word' id='word_1_170' title='bbox 349 1812 426 1866; x_wconf 90' lang='lat' dir='ltr'><strong>ibi</strong></span> <span class='ocrx_word' id='word_1_171' title='bbox 462 1813 797 1881; x_wconf 84' lang='lat' dir='ltr'><strong>respondent</strong></span> <span class='ocrx_word' id='word_1_172' title='bbox 834 1812 991 1867; x_wconf 85' lang='lat' dir='ltr'><strong>simili</strong></span> <span class='ocrx_word' id='word_1_173' title='bbox 1027 1811 1203 1865; x_wconf 84' lang='lat' dir='ltr'><strong>forma</strong></span> <span class='ocrx_word' id='word_1_174' title='bbox 1237 1815 1404 1879; x_wconf 85' lang='lat' dir='ltr'><strong>atque</strong></span> <span class='ocrx_word' id='word_1_175' title='bbox 1441 1810 1633 1865; x_wconf 74' lang='lat' dir='ltr'><strong>colore.</strong></span> 
     </span>
     <span class='ocr_line' id='line_1_32' title="bbox 296 1886 1743 1959; baseline -0.001 -17"><span class='ocrx_word' id='word_1_176' title='bbox 296 1888 617 1959; x_wconf 84' lang='lat' dir='ltr'><strong>[Praeterea</strong></span> <span class='ocrx_word' id='word_1_177' title='bbox 652 1888 815 1941; x_wconf 91' lang='lat' dir='ltr'><strong>modo</strong></span> <span class='ocrx_word' id='word_1_178' title='bbox 852 1904 973 1941; x_wconf 91' lang='lat' dir='ltr'><strong>cum</strong></span> <span class='ocrx_word' id='word_1_179' title='bbox 1010 1888 1180 1941; x_wconf 85' lang='lat' dir='ltr'><strong>fuerit</strong></span> <span class='ocrx_word' id='word_1_180' title='bbox 1213 1887 1572 1955; x_wconf 85' lang='lat' dir='ltr'><strong>liquidissima</strong></span> <span class='ocrx_word' id='word_1_181' title='bbox 1609 1886 1743 1941; x_wconf 83' lang='lat' dir='ltr'><strong>caeli</strong></span> 
     </span>
    </p>

    <p class='ocr_par' dir='ltr' id='par_1_29' title="bbox 228 1963 1637 2035">
     <span class='ocr_line' id='line_1_33' title="bbox 228 1963 1637 2035; baseline -0.004 -15"><span class='ocrx_word' id='word_1_182' title='bbox 228 1969 543 2035; x_wconf 82' lang='lat' dir='ltr'><strong>tempestas,</strong></span> <span class='ocrx_word' id='word_1_183' title='bbox 580 1981 847 2034; x_wconf 84' lang='lat' dir='ltr'><strong>perquam</strong></span> <span class='ocrx_word' id='word_1_184' title='bbox 884 1964 1065 2018; x_wconf 88' lang='lat' dir='ltr'><strong>subito</strong></span> <span class='ocrx_word' id='word_1_185' title='bbox 1102 1964 1168 2017; x_wconf 83' lang='lat' dir='ltr'><strong>fit</strong></span> <span class='ocrx_word' id='word_1_186' title='bbox 1202 1963 1426 2017; x_wconf 84' lang='lat' dir='ltr'><strong>turbida</strong></span> <span class='ocrx_word' id='word_1_187' title='bbox 1462 1963 1637 2029; x_wconf 77' lang='lat' dir='ltr'><strong>foede,</strong></span> 
     </span>
    </p>

    <p class='ocr_par' dir='ltr' id='par_1_30' title="bbox 224 2039 1932 2110">
     <span class='ocr_line' id='line_1_34' title="bbox 224 2039 1932 2110; baseline -0.002 -16"><span class='ocrx_word' id='word_1_188' title='bbox 224 2042 464 2110; x_wconf 82' lang='lat' dir='ltr'><strong>undique</strong></span> <span class='ocrx_word' id='word_1_189' title='bbox 497 2041 582 2094; x_wconf 91' lang='lat' dir='ltr'><strong>uti</strong></span> <span class='ocrx_word' id='word_1_190' title='bbox 619 2040 877 2103; x_wconf 84' lang='lat' dir='ltr'><strong>tenebras</strong></span> <span class='ocrx_word' id='word_1_191' title='bbox 912 2040 1085 2094; x_wconf 87' lang='lat' dir='ltr'><strong>omnis</strong></span> <span class='ocrx_word' id='word_1_192' title='bbox 1124 2039 1447 2093; x_wconf 87' lang='lat' dir='ltr'><strong>Acherunta</strong></span> <span class='ocrx_word' id='word_1_193' title='bbox 1482 2039 1653 2092; x_wconf 82' lang='lat' dir='ltr'><strong>rearis</strong></span> <span class='ocrx_word' id='word_1_194' title='bbox 1861 2053 1932 2092; x_wconf 83' lang='lat'><strong>17⁰</strong></span> 
     </span>
    </p>

    <p class='ocr_par' dir='ltr' id='par_1_31' title="bbox 224 2114 1620 2187">
     <span class='ocr_line' id='line_1_35' title="bbox 224 2114 1620 2187; baseline -0.003 -16"><span class='ocrx_word' id='word_1_195' title='bbox 224 2118 446 2187; x_wconf 87' lang='lat' dir='ltr'><strong>liquisse</strong></span> <span class='ocrx_word' id='word_1_196' title='bbox 481 2121 540 2171; x_wconf 90' lang='lat' dir='ltr'><strong>et</strong></span> <span class='ocrx_word' id='word_1_197' title='bbox 575 2134 802 2184; x_wconf 83' lang='lat' dir='ltr'><strong>magnas</strong></span> <span class='ocrx_word' id='word_1_198' title='bbox 838 2116 974 2170; x_wconf 85' lang='lat' dir='ltr'><strong>caeli</strong></span> <span class='ocrx_word' id='word_1_199' title='bbox 1010 2114 1314 2184; x_wconf 85' lang='lat' dir='ltr'><strong>complesse</strong></span> <span class='ocrx_word' id='word_1_200' title='bbox 1347 2131 1620 2169; x_wconf 70' lang='lat' dir='ltr'><strong>cavernas.</strong></span> 
     </span>
    </p>

    <p class='ocr_par' dir='ltr' id='par_1_32' title="bbox 223 2191 1551 2262">
     <span class='ocr_line' id='line_1_36' title="bbox 223 2191 1551 2262; baseline -0.005 -15"><span class='ocrx_word' id='word_1_201' title='bbox 223 2210 396 2262; x_wconf 89' lang='lat' dir='ltr'><strong>usque</strong></span> <span class='ocrx_word' id='word_1_202' title='bbox 432 2193 572 2248; x_wconf 84' lang='lat' dir='ltr'><strong>adeo</strong></span> <span class='ocrx_word' id='word_1_203' title='bbox 606 2198 788 2247; x_wconf 86' lang='lat' dir='ltr'><strong>taetra</strong></span> <span class='ocrx_word' id='word_1_204' title='bbox 824 2191 1129 2245; x_wconf 81' lang='lat' dir='ltr'><strong>nimborum</strong></span> <span class='ocrx_word' id='word_1_205' title='bbox 1168 2194 1327 2244; x_wconf 88' lang='lat' dir='ltr'><strong>nocte</strong></span> <span class='ocrx_word' id='word_1_206' title='bbox 1364 2199 1551 2245; x_wconf 74' lang='lat' dir='ltr'><strong>coorta</strong></span> 
     </span>
    </p>

    <p class='ocr_par' dir='ltr' id='par_1_33' title="bbox 222 2268 1486 2339">
     <span class='ocr_line' id='line_1_37' title="bbox 222 2268 1486 2339; baseline -0.003 -14"><span class='ocrx_word' id='word_1_207' title='bbox 222 2271 526 2339; x_wconf 87' lang='lat' dir='ltr'><strong>inpendent</strong></span> <span class='ocrx_word' id='word_1_208' title='bbox 561 2272 715 2323; x_wconf 85' lang='lat' dir='ltr'><strong>atrae</strong></span> <span class='ocrx_word' id='word_1_209' title='bbox 752 2268 1053 2322; x_wconf 84' lang='lat' dir='ltr'><strong>formidinis</strong></span> <span class='ocrx_word' id='word_1_210' title='bbox 1088 2282 1186 2320; x_wconf 87' lang='lat' dir='ltr'><strong>ora.</strong></span> <span class='ocrx_word' id='word_1_211' title='bbox 1221 2282 1486 2336; x_wconf 89' lang='lat' dir='ltr'><strong>superne;</strong></span> 
     </span>
    </p>

    <p class='ocr_par' dir='ltr' id='par_1_34' title="bbox 224 2342 1714 2414">
     <span class='ocr_line' id='line_1_38' title="bbox 224 2342 1714 2414; baseline -0.003 -15"><span class='ocrx_word' id='word_1_212' title='bbox 224 2362 454 2414; x_wconf 90' lang='lat' dir='ltr'><strong>quorum</strong></span> <span class='ocrx_word' id='word_1_213' title='bbox 489 2345 754 2414; x_wconf 85' lang='lat' dir='ltr'><strong>quantula</strong></span> <span class='ocrx_word' id='word_1_214' title='bbox 788 2360 917 2413; x_wconf 82' lang='lat' dir='ltr'><strong>pars</strong></span> <span class='ocrx_word' id='word_1_215' title='bbox 954 2344 1027 2397; x_wconf 88' lang='lat' dir='ltr'><strong>sit</strong></span> <span class='ocrx_word' id='word_1_216' title='bbox 1061 2344 1242 2410; x_wconf 84' lang='lat' dir='ltr'><strong>imago</strong></span> <span class='ocrx_word' id='word_1_217' title='bbox 1280 2342 1464 2396; x_wconf 86' lang='lat' dir='ltr'><strong>dicere</strong></span> <span class='ocrx_word' id='word_1_218' title='bbox 1499 2348 1714 2396; x_wconf 88' lang='lat' dir='ltr'><strong>nemost</strong></span> 
     </span>
    </p>

    <p class='ocr_par' dir='ltr' id='par_1_35' title="bbox 222 2417 1929 2491">
     <span class='ocr_line' id='line_1_39' title="bbox 222 2417 1929 2491; baseline -0.002 -17"><span class='ocrx_word' id='word_1_219' title='bbox 222 2421 317 2489; x_wconf 91' lang='lat' dir='ltr'><strong>qui</strong></span> <span class='ocrx_word' id='word_1_220' title='bbox 351 2420 526 2491; x_wconf 85' lang='lat' dir='ltr'><strong>possit</strong></span> <span class='ocrx_word' id='word_1_221' title='bbox 561 2438 738 2489; x_wconf 89' lang='lat' dir='ltr'><strong>neque</strong></span> <span class='ocrx_word' id='word_1_222' title='bbox 774 2436 894 2473; x_wconf 88' lang='lat' dir='ltr'><strong>eam</strong></span> <span class='ocrx_word' id='word_1_223' title='bbox 932 2419 1198 2473; x_wconf 86' lang='lat' dir='ltr'><strong>rationem</strong></span> <span class='ocrx_word' id='word_1_224' title='bbox 1238 2418 1471 2472; x_wconf 85' lang='lat' dir='ltr'><strong>reddere</strong></span> <span class='ocrx_word' id='word_1_225' title='bbox 1507 2417 1712 2487; x_wconf 74' lang='lat' dir='ltr'><strong>dictis]</strong></span> <span class='ocrx_word' id='word_1_226' title='bbox 1860 2434 1929 2471; x_wconf 79' lang='lat'><strong>175</strong></span> 
     </span>
    </p>
   </div>
   <div class='ocr_carea' id='block_1_11' title="bbox 13 2494 1804 2665">
    <p class='ocr_par' dir='ltr' id='par_1_36' title="bbox 13 2494 1804 2665">
     <span class='ocr_line' id='line_1_40' title="bbox 13 2494 1804 2646; baseline -0.002 -96"><span class='ocrx_word' id='word_1_227' title='bbox 13 2518 255 2646; x_wconf 47' lang='lat' dir='ltr'><em>W</em></span> <span class='ocrx_word' id='word_1_228' title='bbox 296 2496 453 2550; x_wconf 88' lang='lat' dir='ltr'><strong>Nunc</strong></span> <span class='ocrx_word' id='word_1_229' title='bbox 490 2513 605 2565; x_wconf 84' lang='lat' dir='ltr'><strong>age,</strong></span> <span class='ocrx_word' id='word_1_230' title='bbox 641 2513 804 2564; x_wconf 85' lang='lat' dir='ltr'><strong>quam</strong></span> <span class='ocrx_word' id='word_1_231' title='bbox 842 2494 1003 2549; x_wconf 88' lang='lat' dir='ltr'><strong>celeri</strong></span> <span class='ocrx_word' id='word_1_232' title='bbox 1040 2497 1194 2548; x_wconf 90' lang='lat' dir='ltr'><strong>motu</strong></span> <span class='ocrx_word' id='word_1_233' title='bbox 1233 2494 1520 2548; x_wconf 84' lang='lat' dir='ltr'><strong>simulacra</strong></span> <span class='ocrx_word' id='word_1_234' title='bbox 1553 2494 1804 2547; x_wconf 83' lang='lat' dir='ltr'><strong>ferantur</strong></span> 
     </span>
     <span class='ocr_line' id='line_1_41' title="bbox 13 2576 282 2665; baseline -0.019 0"><span class='ocrx_word' id='word_1_235' title='bbox 13 2595 171 2665; x_wconf 51' lang='grc' dir='ltr'><strong>ἢν]</strong></span> <span class='ocrx_word' id='word_1_236' title='bbox 224 2576 282 2627; x_wconf 75' lang='lat'><strong>⁰¹³</strong></span> 
     </span>
    </p>
   </div>
   <div class='ocr_carea' id='block_1_12' title="bbox 220 2570 1930 3244">
    <p class='ocr_par' dir='ltr' id='par_1_37' title="bbox 220 2570 1930 3244">
     <span class='ocr_line' id='line_1_42' title="bbox 317 2570 1506 2641; baseline -0.003 -15"><span class='ocrx_word' id='word_1_237' title='bbox 317 2589 457 2641; x_wconf 85' lang='lat' dir='ltr'><strong>quae</strong></span> <span class='ocrx_word' id='word_1_238' title='bbox 497 2573 769 2625; x_wconf 81' lang='lat' dir='ltr'><strong>mobilitas</strong></span> <span class='ocrx_word' id='word_1_239' title='bbox 808 2571 927 2625; x_wconf 89' lang='lat' dir='ltr'><strong>ollis</strong></span> <span class='ocrx_word' id='word_1_240' title='bbox 962 2570 1310 2624; x_wconf 85' lang='lat' dir='ltr'><strong>tranantibus</strong></span> <span class='ocrx_word' id='word_1_241' title='bbox 1346 2587 1506 2623; x_wconf 85' lang='lat' dir='ltr'><strong>auras</strong></span> 
     </span>
     <span class='ocr_line' id='line_1_43' title="bbox 221 2646 1730 2717; baseline -0.002 -15"><span class='ocrx_word' id='word_1_242' title='bbox 221 2648 443 2702; x_wconf 83' lang='lat' dir='ltr'><strong>reddita.</strong></span> <span class='ocrx_word' id='word_1_243' title='bbox 480 2648 566 2717; x_wconf 89' lang='lat' dir='ltr'><strong>sit,</strong></span> <span class='ocrx_word' id='word_1_244' title='bbox 602 2649 762 2715; x_wconf 86' lang='lat' dir='ltr'><strong>longo</strong></span> <span class='ocrx_word' id='word_1_245' title='bbox 800 2648 978 2716; x_wconf 86' lang='lat' dir='ltr'><strong>spatio</strong></span> <span class='ocrx_word' id='word_1_246' title='bbox 1012 2650 1077 2700; x_wconf 91' lang='lat' dir='ltr'><strong>ut</strong></span> <span class='ocrx_word' id='word_1_247' title='bbox 1113 2646 1295 2699; x_wconf 85' lang='lat' dir='ltr'><strong>brevis</strong></span> <span class='ocrx_word' id='word_1_248' title='bbox 1331 2646 1466 2699; x_wconf 82' lang='lat' dir='ltr'><strong>hora</strong></span> <span class='ocrx_word' id='word_1_249' title='bbox 1502 2649 1730 2711; x_wconf 85' lang='lat' dir='ltr'><strong>teratur,</strong></span> 
     </span>
     <span class='ocr_line' id='line_1_44' title="bbox 220 2720 1790 2792; baseline -0.003 -14"><span class='ocrx_word' id='word_1_250' title='bbox 220 2724 278 2778; x_wconf 90' lang='lat' dir='ltr'><strong>in</strong></span> <span class='ocrx_word' id='word_1_251' title='bbox 314 2740 475 2792; x_wconf 90' lang='lat' dir='ltr'><strong>quem</strong></span> <span class='ocrx_word' id='word_1_252' title='bbox 514 2740 763 2792; x_wconf 84' lang='lat' dir='ltr'><strong>quaeque</strong></span> <span class='ocrx_word' id='word_1_253' title='bbox 799 2722 979 2775; x_wconf 91' lang='lat' dir='ltr'><strong>locum</strong></span> <span class='ocrx_word' id='word_1_254' title='bbox 1014 2722 1232 2775; x_wconf 83' lang='lat' dir='ltr'><strong>diverso</strong></span> <span class='ocrx_word' id='word_1_255' title='bbox 1267 2722 1503 2775; x_wconf 90' lang='lat' dir='ltr'><strong>momine</strong></span> <span class='ocrx_word' id='word_1_256' title='bbox 1539 2720 1790 2786; x_wconf 87' lang='lat' dir='ltr'><strong>tendunt,</strong></span> 
     </span>
     <span class='ocr_line' id='line_1_45' title="bbox 223 2796 1930 2869; baseline -0.002 -15"><span class='ocrx_word' id='word_1_257' title='bbox 223 2799 509 2854; x_wconf 80' lang='lat' dir='ltr'><strong>suavidicis</strong></span> <span class='ocrx_word' id='word_1_258' title='bbox 544 2800 728 2869; x_wconf 87' lang='lat' dir='ltr'><strong>potius</strong></span> <span class='ocrx_word' id='word_1_259' title='bbox 764 2814 925 2866; x_wconf 87' lang='lat' dir='ltr'><strong>quam</strong></span> <span class='ocrx_word' id='word_1_260' title='bbox 961 2796 1152 2850; x_wconf 88' lang='lat' dir='ltr'><strong>multis</strong></span> <span class='ocrx_word' id='word_1_261' title='bbox 1187 2796 1434 2851; x_wconf 84' lang='lat' dir='ltr'><strong>versibus</strong></span> <span class='ocrx_word' id='word_1_262' title='bbox 1469 2796 1662 2863; x_wconf 83' lang='lat' dir='ltr'><strong>edam3</strong></span> <span class='ocrx_word' id='word_1_263' title='bbox 1857 2810 1930 2851; x_wconf 78' lang='lat'><strong>180</strong></span> 
     </span>
     <span class='ocr_line' id='line_1_46' title="bbox 222 2873 1835 2944; baseline -0.001 -15"><span class='ocrx_word' id='word_1_264' title='bbox 222 2879 522 2944; x_wconf 82' lang='lat' dir='ltr'><strong>parvusut</strong></span> <span class='ocrx_word' id='word_1_265' title='bbox 558 2881 643 2929; x_wconf 90' lang='lat' dir='ltr'><strong>est</strong></span> <span class='ocrx_word' id='word_1_266' title='bbox 679 2874 828 2942; x_wconf 81' lang='lat' dir='ltr'><strong>cycni</strong></span> <span class='ocrx_word' id='word_1_267' title='bbox 866 2873 1060 2926; x_wconf 89' lang='lat' dir='ltr'><strong>melior</strong></span> <span class='ocrx_word' id='word_1_268' title='bbox 1095 2888 1274 2937; x_wconf 80' lang='lat' dir='ltr'><strong>canor,</strong></span> <span class='ocrx_word' id='word_1_269' title='bbox 1308 2873 1403 2927; x_wconf 90' lang='lat' dir='ltr'><strong>ille</strong></span> <span class='ocrx_word' id='word_1_270' title='bbox 1435 2888 1633 2941; x_wconf 87' lang='lat' dir='ltr'><strong>gruum</strong></span> <span class='ocrx_word' id='word_1_271' title='bbox 1669 2888 1835 2941; x_wconf 76' lang='lat' dir='ltr'><strong>quam</strong></span> 
     </span>
     <span class='ocr_line' id='line_1_47' title="bbox 222 2947 1625 3017; baseline -0.001 -13"><span class='ocrx_word' id='word_1_272' title='bbox 222 2951 427 3005; x_wconf 84' lang='lat' dir='ltr'><strong>clamor</strong></span> <span class='ocrx_word' id='word_1_273' title='bbox 459 2952 516 3003; x_wconf 91' lang='lat' dir='ltr'><strong>in</strong></span> <span class='ocrx_word' id='word_1_274' title='bbox 552 2950 811 3003; x_wconf 85' lang='lat' dir='ltr'><strong>aetheriis</strong></span> <span class='ocrx_word' id='word_1_275' title='bbox 849 2949 1129 3017; x_wconf 87' lang='lat' dir='ltr'><strong>dispersus</strong></span> <span class='ocrx_word' id='word_1_276' title='bbox 1165 2947 1403 3001; x_wconf 83' lang='lat' dir='ltr'><strong>nubibus</strong></span> <span class='ocrx_word' id='word_1_277' title='bbox 1437 2948 1625 3002; x_wconf 81' lang='lat' dir='ltr'><strong>austri.</strong></span> 
     </span>
     <span class='ocr_line' id='line_1_48' title="bbox 222 3024 1548 3096; baseline -0.002 -16"><span class='ocrx_word' id='word_1_278' title='bbox 222 3026 488 3096; x_wconf 86' lang='lat' dir='ltr'><strong>principio</strong></span> <span class='ocrx_word' id='word_1_279' title='bbox 523 3042 789 3094; x_wconf 80' lang='lat' dir='ltr'><strong>persaepe</strong></span> <span class='ocrx_word' id='word_1_280' title='bbox 826 3024 959 3077; x_wconf 87' lang='lat' dir='ltr'><strong>levis</strong></span> <span class='ocrx_word' id='word_1_281' title='bbox 994 3040 1084 3077; x_wconf 80' lang='lat' dir='ltr'><strong>res</strong></span> <span class='ocrx_word' id='word_1_282' title='bbox 1118 3026 1285 3092; x_wconf 87' lang='lat' dir='ltr'><strong>atque</strong></span> <span class='ocrx_word' id='word_1_283' title='bbox 1321 3024 1548 3077; x_wconf 88' lang='lat' dir='ltr'><strong>minutis</strong></span> 
     </span>
     <span class='ocr_line' id='line_1_49' title="bbox 222 3099 1533 3169; baseline -0.003 -14"><span class='ocrx_word' id='word_1_284' title='bbox 222 3100 539 3169; x_wconf 80' lang='lat' dir='ltr'><strong>corporibus</strong></span> <span class='ocrx_word' id='word_1_285' title='bbox 573 3101 748 3155; x_wconf 85' lang='lat' dir='ltr'><strong>factas</strong></span> <span class='ocrx_word' id='word_1_286' title='bbox 783 3099 977 3154; x_wconf 90' lang='lat' dir='ltr'><strong>celeris</strong></span> <span class='ocrx_word' id='word_1_287' title='bbox 1010 3100 1142 3153; x_wconf 88' lang='lat' dir='ltr'><strong>licet</strong></span> <span class='ocrx_word' id='word_1_288' title='bbox 1176 3115 1298 3151; x_wconf 89' lang='lat' dir='ltr'><strong>esse</strong></span> <span class='ocrx_word' id='word_1_289' title='bbox 1333 3099 1533 3151; x_wconf 84' lang='lat' dir='ltr'><strong>videre.</strong></span> 
     </span>
     <span class='ocr_line' id='line_1_50' title="bbox 221 3174 1928 3244; baseline 0 -13"><span class='ocrx_word' id='word_1_290' title='bbox 221 3177 279 3231; x_wconf 87' lang='lat' dir='ltr'><strong>in</strong></span> <span class='ocrx_word' id='word_1_291' title='bbox 313 3192 421 3239; x_wconf 78' lang='lat' dir='ltr'><strong>quo</strong></span> <span class='ocrx_word' id='word_1_292' title='bbox 453 3177 561 3229; x_wconf 86' lang='lat' dir='ltr'><strong>iam</strong></span> <span class='ocrx_word' id='word_1_293' title='bbox 595 3192 798 3243; x_wconf 84' lang='lat' dir='ltr'><strong>genere</strong></span> <span class='ocrx_word' id='word_1_294' title='bbox 834 3179 921 3229; x_wconf 88' lang='lat' dir='ltr'><strong>est</strong></span> <span class='ocrx_word' id='word_1_295' title='bbox 957 3175 1085 3229; x_wconf 87' lang='lat' dir='ltr'><strong>solis</strong></span> <span class='ocrx_word' id='word_1_296' title='bbox 1119 3174 1214 3228; x_wconf 84' lang='lat' dir='ltr'><strong>lux</strong></span> <span class='ocrx_word' id='word_1_297' title='bbox 1251 3177 1309 3228; x_wconf 91' lang='lat' dir='ltr'><strong>et</strong></span> <span class='ocrx_word' id='word_1_298' title='bbox 1345 3190 1514 3244; x_wconf 83' lang='lat' dir='ltr'><strong>vapor</strong></span> <span class='ocrx_word' id='word_1_299' title='bbox 1548 3174 1668 3227; x_wconf 82' lang='lat' dir='ltr'><strong>eius</strong></span> <span class='ocrx_word' id='word_1_300' title='bbox 1857 3192 1928 3231; x_wconf 80' lang='lat'><strong>185</strong></span> 
     </span>
    </p>
   </div>
   <div class='ocr_carea' id='block_1_13' title="bbox 2245 1852 2249 2383">
    <p class='ocr_par' dir='ltr' id='par_1_38' title="bbox 2245 1852 2249 2383">
     <span class='ocr_line' id='line_1_51' title="bbox 2245 1852 2249 2383; baseline 0 0"><span class='ocrx_word' id='word_1_301' title='bbox 2245 1852 2249 2383; x_wconf 95' lang='lat' dir='ltr'><strong> </strong></span> 
     </span>
    </p>
   </div>
  </div>
 </body>
</html>
