2259 3550
8 1088 599 1254 &Rs's'pervulgarit
636 1160 694 1210 et
728 1173 941 1210 ararum
980 1155 1336 1225 compleverit
1370 1156 1522 1209 urbis

24 1156 225 1483 θὲ-

8 1352 85 1543 Ὗ(

268 69 378 124 150
1096 67 1156 121 V

258 169 443 224 ulcisci
478 185 642 236 quam
676 185 821 223 nunc
854 173 1226 224 concessumst
1261 169 1477 239 legibus
1513 171 1720 240 aequis,

257 243 398 314 hanc
422 244 493 297 ob
508 262 625 297 rem
640 246 726 296 est
740 244 989 296 homines
1009 248 1325 312 pertaesum
1343 246 1395 297 vi
1413 245 1595 300 colere
1612 263 1816 301 aevom.
1877 261 1987 300 1150

256 321 386 373 inde
421 324 601 373 metus
636 320 877 372 maculat
910 337 1208 388 poenarum
1245 324 1489 389 praemia
1523 323 1685 376 vitae.

258 397 592 448 circumretit
626 395 773 448 enim
807 395 890 449 vis
926 399 1094 464 atque
1128 396 1328 450 iniuria
1363 415 1636 466 quemque

258 475 441 542 atque,
477 471 623 524 unde
660 474 919 538 exortast‚
956 471 1029 524 ad
1064 488 1191 526 eum
1225 473 1551 542 plerumque
1587 476 1836 544 revertit,

259 563 360 602 nee
392 547 606 602 facilest
640 547 911 616 placidam
946 563 1009 600 ac
1043 549 1297 616 pacatam
1334 548 1539 616 degere
1575 551 1745 605 vitam
2015 608 2022 614 ,

260 623 355 692 qui
390 624 557 676 violat
591 623 750 677 factis
785 625 1090 677 communia
1124 624 1350 677 foedera
1384 625 1550 694 pacis,
1879 645 1983 683 1155

260 701 367 754 etsi
400 699 541 754 fallit
578 701 723 754 enim
761 701 945 754 divom
978 717 1152 768 genus
1187 700 1610 770 humanumque,

261 779 527 844 perpetuo
562 779 747 829 tamen
783 775 843 828 id
878 776 995 828 fore
1030 775 1170 828 clam
1206 775 1458 830 diffidere
1494 777 1696 844 debet3

262 853 465 921 quippe
502 852 594 905 ubi
631 869 689 905 se
724 852 883 905 multi
916 869 1019 920 per
1053 852 1262 904 somnia
1297 868 1462 921 saepe
1497 853 1786 922 loquentes

260 932 358 982 aut
392 928 580 981 morbo
617 928 913 982 delirantes
948 931 1210 996 protraxe
1244 929 1497 982 ferantur

262 1008 321 1058 ct
355 1004 531 1058 celata
564 1005 719 1057 mala
754 1004 811 1056 in
847 1003 1089 1058 medium
1126 1007 1184 1057 et
1217 1007 1442 1072 peccata
1477 1004 1740 1076 dedisse]
1877 1020 1983 1059 1100

332 1081 492 1133 Ν11110
528 1097 667 1148 quae
703 1097 865 1133 causa
900 1079 1065 1132 deum
1100 1097 1202 1148 per
1235 1097 1461 1147 magnas
1496 1081 1720 1134 numina
1753 1081 1939 1148 gentis

266 1232 717 1300 suscipiendaque
754 1232 962 1286 curarit
999 1231 1281 1284 sollemnia
1315 1248 1486 1300 sacra,

264 1325 403 1376 quae
438 1325 579 1360 nunc
616 1309 670 1360 in
707 1307 917 1374 magnis
953 1307 1151 1360 florent
1187 1324 1340 1360 sacra
1375 1307 1528 1361 rebu’
1565 1308 1820 1377 locisque,

264 1384 412 1436 unde
448 1384 613 1437 etiam
651 1401 793 1436 nunc
830 1387 916 1436 est
949 1382 1276 1436 mortalibus
1311 1383 1509 1437 insitus
1543 1383 1741 1436 horror
1878 1398 1977 1437 1165

265 1460 359 1528 qui
395 1459 623 1512 delubra
660 1459 823 1512 deum
858 1475 998 1512 nova
1034 1461 1154 1512 toto
1191 1460 1420 1512 suscitat
1457 1458 1577 1512 orbi

264 1539 534 1588 terrarum
571 1539 629 1588 et
664 1536 821 1589 festis
858 1535 1006 1602 cogit
1042 1534 1322 1588 celebrare
1359 1534 1570 1601 diebuS,

264 1627 371 1663 non
406 1610 487 1663 ita
522 1610 794 1663 difficilest
829 1611 1097 1663 rationem
1132 1609 1370 1663 reddere
1406 1609 1601 1664 verbiS.

267 1687 467 1754 quippe
504 1686 707 1739 etenim
744 1687 851 1738 iam
886 1689 1005 1739 tum
1042 1687 1224 1739 divom
1261 1685 1515 1739 mortalia
1551 1687 1730 1740 saecla

266 1763 515 1831 egregias
550 1762 731 1815 animo
764 1761 932 1815 facies
966 1761 1228 1830 vigilante
1265 1761 1525 1816 videbant
1880 1775 1979 1817 1170

266 1842 325 1892 et
360 1840 531 1907 magis
564 1839 621 1891 in
658 1838 860 1891 somnis
892 1838 1143 1891 mirando
1180 1839 1422 1908 corporis
1457 1847 1636 1892 auctu.

266 1915 351 1967 his
386 1915 555 1983 igitur
592 1932 808 1968 sensum
844 1914 1162 1968 tribuebant
1197 1918 1492 1983 propterea
1526 1914 1676 1981 quod

268 1990 514 2045 membra
548 2008 766 2045 movere
802 1990 1129 2045 videbantur
1165 2007 1436 2057 vocesque
1471 1990 1736 2058 superbas

258 2068 490 2121 ¹mittere
526 2084 626 2135 pro
660 2067 799 2121 facie
832 2067 1113 2135 pracclara
1130 2124 1134 2129 ,
1149 2070 1208 2119 et
1242 2066 1450 2119 viribus
1486 2066 1694 2134 amplis.

270 2148 659 2211 aeternamque
697 2143 903 2196 dabant
938 2144 1123 2208 vitam,
1161 2142 1289 2209 quia
1325 2159 1542 2211 semper
1577 2158 1765 2195 eorum
1877 2157 1975 2197 1175

270 2219 726 2289 subpeditabatur
760 2219 925 2273 facies
961 2223 1019 2271 et
1052 2218 1230 2271 forma
1265 2218 1538 2284 manebat,

271 2299 330 2349 et
364 2299 549 2349 tamen
584 2296 799 2349 omnino
834 2295 979 2362 quod
1016 2295 1185 2347 tantis
1219 2294 1426 2347 viribus
1462 2298 1652 2348 auctos

271 2388 379 2424 non
414 2374 623 2425 temere
656 2371 771 2425 ulla
802 2371 857 2423 vi
891 2370 1136 2423 convinci
1171 2386 1330 2438 posse
1365 2370 1649 2438 putabant.

270 2448 614 2515 fortunisque
648 2448 774 2500 ideo
808 2447 968 2515 longe
1003 2450 1286 2515 praestare
1321 2446 1608 2515 putabant,

272 2524 421 2592 quod
445 2524 638 2576 mortis
661 2524 827 2576 timor
850 2524 985 2576 haut
1010 2539 1340 2591 quemquam
1363 2526 1591 2576 vexaret
1613 2540 1818 2590 eorum,
1877 2536 1974 2574 nso

271 2604 330 2653 et
365 2600 523 2652 simul
558 2601 614 2652 in
650 2599 849 2653 somnis
884 2598 1013 2669 quia
1046 2598 1224 2652 multa
1258 2602 1316 2652 et
1349 2598 1488 2665 mira
1522 2598 1785 2653 videbant

272 2676 485 2730 efficere
520 2679 579 2729 et
613 2675 821 2729 nullum
856 2691 1055 2743 capere
1089 2675 1240 2743 ipsos
1273 2674 1403 2729 indo
1437 2674 1699 2729 laborem.

272 2756 562 2822 praeterea
597 2751 730 2805 caeli
766 2752 1006 2804 rationes
1042 2750 1235 2803 ordine
1271 2753 1422 2804 certo

272 2833 330 2883 et
364 2828 513 2882 varia
546 2844 809 2881 annorum
845 2826 1143 2880 cernebant
1177 2829 1426 2894 tempora
1459 2826 1604 2881 vert-i

273 2922 373 2958 1100
408 2908 665 2973 poterant
699 2902 904 2972 quibus¹
930 2902 989 2955 id
1022 2902 1183 2955 fieret
1217 2918 1539 2969 cognoscere
1575 2902 1765 2955 causis
1879 2916 1972 2954 1185

275 2997 404 3047 crgo
440 2980 747 3048 perfugium
784 2978 889 3032 sibi
924 2977 1203 3031 habebant
1239 2978 1418 3031 omnia
1453 2977 1593 3031 divis

273 3056 495 3108 tradere
530 3060 588 3109 et
622 3056 835 3108 illorum
870 3057 1011 3107 nutu
1050 3054 1227 3106 facere
1264 3053 1442 3106 omnia
1477 3053 1639 3106 flecti.

272 3130 329 3183 in
364 3130 621 3199 caeloque
654 3131 819 3185 deum
853 3128 1015 3183 sedes
1048 3132 1107 3183 et
1141 3128 1348 3196 templa
1381 3128 1642 3195 locarunt,
