2259 3550
121 2116 165 2181 'lix

284 115 395 172 172
1094 109 1194 166 VI

270 233 534 273 concussu
567 217 678 271 late
714 210 1032 286 disserpunt
1066 216 1197 270 inde
1233 219 1516 270 tremores.

269 295 328 347 et
362 295 575 360 merit0‚
612 293 865 362 qnoniam
903 293 1135 363 plaustri
1170 307 1430 346 concussa
1465 295 1803 347 tremescunt

270 372 418 423 tecta
453 370 596 423 viam
630 373 857 438 propter
892 387 999 422 11011
1036 385 1233 437 magno
1270 368 1512 436 pondere
1549 372 1683 436 tota,

268 461 369 498 nec
404 446 585 499 minus
622 446 884 510 exultant,
922 455 1152 514 scrupus
1187 447 1526 514 quicmnque
1559 446 1664 499 viai
1928 459 2010 499 550

268 522 503 576 ferratos
538 522 815 590 utrimque
852 526 1097 576 rotarum
1137 522 1373 575 succutit
1407 522 1586 576 orbes,

270 597 335 651 fit
370 615 604 668 quoque,
638 598 734 651 ubi
766 599 823 651 in
862 615 1083 667 magnas
1119 604 1297 666 aqiiac
1335 603 1626 666 vastasque
1659 600 1890 653 lucunas

268 674 430 742 gleba
464 678 743 729 vetustate
779 693 810 729 c
846 679 997 730 terra
1033 675 1377 746 provolvitur
1411 675 1616 744 iugens,

269 758 332 804 ut
367 751 602 806 iactetur
636 769 809 820 aquae
844 751 1015 806 fluctu
1051 769 1269 821 quoquc
1305 755 1458 806 terra
1493 752 1778 817 vacillans3

268 830 334 881 ut
368 845 463 882 vas
498 828 788 882 interdum
822 845 929 882 non
966 829 1086 897 quit
1121 832 1391 896 constare,
1425 827 1530 882 nisi
1563 845 1720 882 umor
1923 843 2006 881 555

270 903 489 958 destitit
522 904 579 957 in
616 905 783 958 dubio
821 904 990 958 fluctu
1025 905 1280 958 iactarier
1315 904 1480 959 intus.

344 979 640 1034 Praeterea
676 985 871 1034 ventus
906 997 1029 1050 cum
1064 998 1167 1050 per
1204 981 1322 1035 loca
1359 981 1598 1036 subcava
1633 985 1816 1035 terrae

270 1056 529 1111 collectus
565 1061 726 1126 parte
764 1074 832 1109 cx
866 1075 976 1111 una
1010 1056 1324 1126 procumbit
1360 1062 1420 1112 et
1456 1066 1620 1126 urget

269 1133 503 1186 obnixus
539 1133 750 1201 magnis
787 1133 1073 1203 speluncas
1108 1133 1318 1187 viribus
1355 1134 1510 1200 altas»,

271 1207 540 1262 incumbit
573 1210 738 1263 tellus
773 1226 879 1277 quo
914 1209 1064 1263 venti
1100 1225 1274 1278 prona
1307 1211 1510 1278 premit
1547 1211 1640 1264 vis.
1923 1225 2001 1263 560

274 1289 391 1338 tum
428 1303 630 1356 supera
663 1290 869 1340 terrain
908 1303 1047 1354 quae
1085 1289 1215 1340 sunt
1251 1291 1505 1340 extructa
1542 1287 1826 1340 domorum

274 1361 345 1414 ad
379 1363 696 1431 caelumque
732 1363 903 1432 magis
939 1366 1145 1429 quanto
1182 1366 1313 1416 sunt
1349 1363 1501 1416 edita
1539 1379 1799 1432 quaeque,

273 1438 533 1492 inclinata
567 1439 845 1492 minantur
881 1439 936 1491 in
973 1439 1204 1492 eandem
1241 1439 1463 1508 prodita
1496 1444 1710 1509 partem

274 1519 692 1584 protractaeque
728 1516 914 1569 trabes
949 1515 1251 1584 inpendent
1287 1516 1368 1570 ire
1405 1521 1644 1585 paratae.

275 1599 334 1645 et
368 1595 623 1646 metuunt
659 1593 837 1660 magni
874 1597 1126 1646 naturam
1165 1593 1392 1646 credere
1429 1593 1618 1646 mundi
1922 1607 2000 1646 565

276 1667 495 1721 exitiale
530 1668 753 1736 aliquod
789 1672 1007 1737 tempus
1044 1669 1366 1737 clademque
1401 1685 1638 1734 manere,

276 1760 398 1797 cum
436 1742 655 1797 videant
689 1747 902 1809 tantam
938 1747 1211 1799 terrarum
1248 1744 1565 1799 incumbere
1603 1743 1830 1799 molem!

275 1820 424 1890 quod
458 1820 562 1873 nisi
595 1820 871 1889 respirent
906 1821 1072 1886 venti,
1107 1822 1188 1875 vis
1222 1822 1371 1876 nulla
1406 1822 1648 1876 refrenet

275 1914 364 1951 res
398 1912 578 1966 neque
611 1897 682 1950 ab
719 1897 886 1952 exitio
922 1898 1097 1967 possit
1132 1898 1538 1969 reprehendere
1573 1897 1766 1952 euntis.

275 1990 418 2028 nunc
452 1972 580 2043 quia
614 1974 889 2041 respirant
924 1974 1151 2029 alternis
1187 1975 1356 2043 inque
1392 1978 1722 2043 gravescunt
1921 1988 1997 2031 570

277 2054 336 2104 et
370 2051 525 2121 quasi
561 2051 775 2105 collecti
810 2052 1048 2105 redeunt
1085 2051 1402 2119 ceduntque
1437 2052 1663 2120 repulsi,

278 2128 491 2196 saepius
525 2126 664 2181 hanc
700 2127 770 2181 ob
806 2144 923 2181 rem
958 2127 1244 2181 minitatur
1278 2130 1430 2181 terra
1466 2128 1651 2181 ruina3

278 2220 441 2273 quam
476 2204 637 2269 facit3
672 2204 961 2258 inclinatur
996 2203 1138 2256 enim
1179 2206 1435 2271 retroque
1471 2205 1684 2259 recellit

278 2284 336 2334 et
370 2280 565 2348 recipit
598 2280 857 2349 prolapsa
894 2296 1019 2333 suas
1053 2280 1110 2333 in
1147 2278 1391 2347 pondera
1428 2279 1606 2335 sedes„

278 2357 379 2411 hac
412 2356 584 2424 igitur
617 2356 828 2409 ratione
864 2356 1120 2409 vacillant
1155 2357 1336 2409 omnia
1370 2358 1535 2424 tecta,
1917 2371 1992 2412 575

278 2450 487 2486 summa
522 2434 696 2501 inagis
730 2434 941 2501 mediis,
979 2432 1162 2487 media
1197 2432 1336 2499 imis,
1372 2432 1483 2485 ima
1517 2433 1803 2502 perhilum.

348 2510 450 2562 Est
484 2509 618 2562 haec
653 2510 899 2563 eiusdem
935 2525 1153 2579 quoque
1189 2510 1370 2577 magni
1407 2525 1570 2562 causa
1605 2510 1873 2575 tremoris,

280 2589 473 2640 ventus
505 2586 599 2639 ubi
635 2589 801 2655 atque
837 2587 1049 2640 animae
1087 2585 1268 2639 subito
1305 2587 1385 2638 vis
1421 2587 1659 2640 maxima
1693 2587 1955 2655 quaedam

278 2666 373 2717 aut
409 2662 748 2716 extrinsecus
784 2666 881 2716 aut
914 2664 1036 2731 ipsa
1072 2662 1271 2717 tellure
1307 2666 1493 2716 coorta

278 2740 334 2793 in
369 2740 487 2793 loca
522 2755 581 2793 se
616 2754 747 2793 cava
781 2740 950 2793 terrai
985 2739 1218 2793 coniecit
1252 2739 1440 2808 ibique
1914 2753 1986 2792 590

279 2817 561 2887 speluncas
595 2815 740 2869 inter
774 2832 1000 2883 magnas
1036 2815 1224 2870 fremit
1259 2820 1388 2869 ante
1423 2815 1662 2869 tumultu

279 2892 727 2960 versabundaque
764 2896 1034 2963 portatur,
1070 2896 1198 2961 post
1233 2892 1399 2945 incita
1435 2909 1558 2946 cum
1595 2892 1677 2945 vis

280 2970 558 3036 exagitata
592 2969 736 3021 foras
772 2970 1077 3036 erumpitur
1114 2972 1171 3021 ct
1209 2968 1367 3021 simul
1403 2968 1568 3021 altam

281 3044 570 3097 diffindens
605 3048 815 3098 terram
850 3062 1107 3111 magnum
1147 3046 1437 3099 concinnat
1472 3044 1695 3098 hiatum.

280 3119 337 3170 in
374 3119 529 3185 Syria
563 3119 764 3173 Sidone
799 3120 947 3190 quod
980 3120 1180 3173 accidit
1215 3124 1273 3174 et
1307 3121 1412 3173 fuit
1449 3121 1593 3189 Aegi
1916 3134 1984 3175 585

277 3194 336 3246 in
377 3194 759 3262 PeloponneSO,
796 3212 931 3264 quas
968 3195 1149 3249 exitus
1185 3196 1273 3250 hic
1309 3195 1508 3250 animai
