2259 3550
192 85 267 174 93
968 85 1113 143 1111

185 204 285 242 nec
324 195 552 257 possunt
585 189 728 243 oculi
762 192 1015 244 naturam
1049 206 1276 245 noscere
1313 207 1509 245 rerum.
1815 211 1890 252 sss
1941 222 1950 228 -

32 263 415 368 &mproinde
450 264 617 318 animi
650 264 846 319 vitium
880 265 983 320 hoc
1019 265 1191 320 oculis
1225 266 1508 334 adfingere
1543 268 1673 324 noli.
1711 334 1716 340 .

183 357 291 410 qua
329 340 581 392 vehimur
615 341 754 408 navi,
788 341 980 410 fertur,
1017 359 1142 396 cum
1175 346 1325 396 stare
1361 343 1611 410 videtur3

31 375 327 493 Quae
362 419 550 470 manet
583 417 641 470 in
677 418 927 484 statione,
964 435 1031 472 ea
1062 422 1287 486 praeter
1323 420 1568 474 creditur
1601 423 1686 478 iro

183 495 243 547 et
275 493 465 560 fugere
504 492 577 546 ad
613 493 842 563 puppim
878 493 1043 548 colles
1079 499 1366 566 campique
1403 499 1660 554 videntur

184 587 322 639 quos
356 570 569 637 agimus
604 574 825 639 praeter
860 587 1052 626 navem
1090 573 1334 642 velisque
1367 575 1624 630 volamus.
1817 589 1892 632 8⁹⁰

184 646 367 700 sidera
402 662 615 700 cessare
654 646 915 701 aetheriis
950 648 1135 704 adfixa
1171 666 1417 704 caverms

185 728 383 777 cuncta
417 723 684 791 videntur,
726 728 784 777 ot
824 723 1053 780 adsiduo
1090 729 1220 780 sunt
1253 727 1434 780 omnia
1467 731 1637 794 motu,

184 799 626 869 quandoquidem
667 800 857 868 longos
892 802 1079 857 obitus
1114 806 1308 857 exorta
1343 803 1601 870 revisunt,

186 891 310 930 cum
344 893 638 946 permensa
674 893 773 931 suo
808 882 937 932 sunt
971 878 1180 932 caelum
1218 894 1444 948 corpore
1479 879 1642 933 claro.

187 953 375 1022 solque
410 955 529 1023 pari
566 955 779 1008 ratione
812 971 1033 1008 manere
1068 958 1128 1008 et
1162 954 1292 1008 luna
1327 955 1586 1009 videntur
1815 971 1891 1011 nuo

185 1030 241 1081 in
280 1030 529 1098 statione,
564 1046 634 1084 ea
668 1046 808 1097 quae
842 1030 974 1084 ferri
1012 1047 1099 1083 res
1132 1030 1348 1086 indicat
1381 1031 1512 1100 ipsa.

189 1107 565 1174 exstantisque
601 1106 785 1176 procul
823 1107 1003 1161 medio
1040 1107 1111 1161 de
1146 1109 1364 1175 gurgite
1399 1107 1601 1161 montis

188 1275 457 1329 classibus
491 1278 638 1330 inter
674 1294 812 1345 ques
846 1276 987 1331 liber
1022 1280 1180 1343 patet
1216 1277 1396 1330 exitus
1429 1277 1638 1344 ingenS,

187 1352 362 1405 insula
404 1354 706 1407 coniunctis
743 1358 926 1406 tamen
963 1369 1030 1406 cx
1068 1352 1155 1406 his
1189 1369 1299 1406 una
1331 1351 1566 1407 videtur.

188 1429 328 1481 atria
370 1429 571 1481 versari
608 1434 667 1483 et
702 1428 1128 1482 circumcursare
1165 1427 1444 1482 columnae
1817 1443 1888 1482 400

189 1520 364 1572 usque
401 1504 539 1558 adeo
575 1505 640 1558 fit
675 1504 754 1557 uti
790 1505 975 1573 pueris
1010 1504 1313 1572 videantur,
1348 1503 1445 1557 ubi
1479 1504 1585 1573 ipsi

192 1579 476 1634 desierunt
511 1580 665 1643 verti,
702 1579 792 1632 vix
828 1583 892 1633 ut
926 1580 1035 1633 iam
1072 1581 1298 1634 credere
1334 1580 1542 1652 possint

192 1673 295 1708 non
333 1671 500 1724 supra
536 1671 653 1709 sese
688 1671 847 1708 ruere
882 1656 1059 1708 omnia
1094 1660 1244 1710 tecta
1279 1654 1487 1708 minari.

188 1733 407 1803 iamque
444 1731 671 1786 rubrum
706 1730 953 1785 tremulis
988 1730 1148 1786 iubar
1185 1733 1404 1801 ignibus
1438 1733 1648 1800 erigere
1683 1730 1796 1787 alte

189 1825 312 1863 cum
352 1812 573 1877 coeptat
607 1811 805 1861 natura
841 1824 1111 1876 supraque
1151 1808 1414 1862 extollere
1449 1812 1680 1873 montes,
1817 1822 1889 1862 ωε

188 1901 324 1953 quos
358 1884 462 1938 tibi
500 1886 618 1936 tum
654 1900 821 1953 supra.
859 1883 936 1937 sol
975 1885 1177 1939 montis
1215 1900 1336 1940 esse
1368 1885 1589 1939 videtur

188 1961 486 2014 comminus
524 1959 642 2029 ipse
679 1976 775 2012 suo
814 1960 1134 2029 contingens
1171 1962 1414 2016 fervidus
1447 1960 1574 2030 igni,

188 2038 276 2091 vix
312 2037 512 2090 absunt
546 2036 700 2089 nobis
737 2036 931 2089 missus
970 2036 1057 2090 bis
1092 2038 1241 2092 mille
1277 2037 1524 2106 sagittae,

189 2114 276 2165 vix
314 2112 479 2166 etiam
515 2128 703 2166 cursus
740 2113 1063 2181 quingentos
1102 2130 1266 2183 saepe
1301 2112 1494 2167 veruti.
1579 2135 1584 2146 =
1669 2111 1674 2119 '

186 2190 333 2244 inter
368 2205 461 2243 eos
498 2189 772 2256 solemque
810 2188 991 2243 iacent
1025 2190 1281 2243 immania
1315 2190 1466 2259 ponti
1816 2198 1890 2241 410

188 2282 425 2334 aequora
460 2265 738 2319 substrata
776 2264 1033 2319 aetheriis
1068 2266 1380 2336 ingentibus
1415 2264 1541 2331 oris,

187 2342 582 2411 interiectaque
618 2345 747 2396 sunt
785 2346 1055 2396 terrarum
1093 2342 1242 2395 milia
1277 2340 1450 2394 multa

193 2435 331 2487 quae
367 2420 547 2472 variae
581 2420 821 2475 retinent
859 2422 1052 2489 gentes
1089 2423 1148 2472 et
1184 2417 1360 2472 saecla
1394 2418 1647 2470 ferarum.

189 2499 247 2547 at
284 2495 560 2549 conlectus
596 2513 768 2565 aquae
808 2496 1037 2565 digitum
1076 2512 1183 2549 non
1220 2494 1382 2547 altior
1416 2509 1599 2554 unum,

187 2571 281 2639 qui
319 2570 532 2639 lapides
565 2572 710 2626 inter
748 2572 894 2626 sistit
930 2589 1030 2641 per
1067 2575 1244 2626 strata
1277 2571 1500 2632 viarum,
1816 2578 1890 2621 415

189 2647 509 2715 despectum
547 2648 779 2717 praebet
817 2648 918 2701 sub
957 2653 1132 2702 terras
1169 2648 1355 2715 inpete
1389 2648 1563 2712 tanto,

188 2740 222 2776 a
259 2722 421 2777 terris
455 2728 720 2792 quantum
757 2724 893 2778 caeli
930 2728 1084 2792 patet
1119 2723 1263 2777 altus
1297 2720 1511 2785 hiatus3

189 2798 377 2852 nubila
410 2798 679 2868 dispicere
718 2807 777 2854 et
813 2799 1021 2854 caelum
1059 2807 1123 2852 ut
1159 2798 1377 2852 videare
1411 2794 1615 2864 videro,

126 2910 169 2931 Γ
190 2879 375 2929 cetera
410 2876 658 2929 mirando
696 2876 797 2929 sub
834 2878 1011 2929 terras
1047 2874 1238 2928 abdita
1271 2874 1436 2927 caelo,

192 2950 429 3017 denique
466 2951 560 3003 ubi
601 2950 655 3003 in
692 2952 873 3005 medio
908 2951 1062 3004 nobis
1098 2967 1227 3004 ecus
1264 2967 1390 3004 acer
1424 2947 1673 3003 obhaesit
1818 2960 1892 3001 420

192 3026 411 3079 flumine
450 3029 508 3078 et
541 3026 599 3078 in
634 3026 853 3095 rapidas
888 3026 1062 3079 amnis
1098 3025 1447 3095 despeximus
1482 3023 1671 3089 undas,

192 3101 393 3155 stantis
428 3101 555 3171 equi
592 3119 790 3172 corpus
824 3106 1194 3156 transversum
1230 3102 1375 3155 ferre
1410 3100 1632 3155 videtur

190 3177 273 3230 vis
308 3178 367 3229 et
400 3174 457 3228 in
492 3177 781 3231 advorsum
816 3178 1015 3231 flumen
1054 3176 1384 3230 contrudere
1418 3173 1636 3243 raptim,
