2259 3550
1136 123 1198 180 V
1901 127 2010 186 127

302 225 388 280 cui
422 228 641 280 tantum
675 225 731 279 in
765 227 880 282 vita
913 232 1091 282 restet
1124 229 1362 282 transire
1397 230 1677 284 malorum.

303 305 362 354 at
397 302 581 355 variae
616 307 871 356 cresclmt
904 304 1147 372 pecudes
1181 310 1432 358 armenta
1463 306 1720 375 feraeque

300 393 401 430 nec
436 377 781 446 crepitacillis
817 395 955 448 opus
988 383 1075 432 est
1108 397 1210 432 nec
1245 381 1496 448 cuiquam
1533 383 1897 438 adhibendast

298 453 473 506 almae
508 448 736 530 nutricis
772 454 973 508 blanda.
1007 457 1174 524 atque
1207 457 1441 511 inFracta
1475 457 1710 525 loquella
1935 475 2010 516 230

296 546 399 584 nec
435 531 611 584 varias
646 534 916 598 quaerunt
950 534 1131 585 vestes
1167 549 1268 601 pro
1303 536 1553 602 tempore
1587 533 1738 602 caeli,

300 605 537 675 denique
570 624 678 660 non
714 606 881 660 armis
916 624 1053 676 opus
1090 611 1189 674 est,
1222 625 1331 662 non
1365 609 1648 664 moenibus
1682 610 1824 679 altis,

298 683 391 750 qui
428 699 527 735 sua
560 686 827 750 tutentur,
864 683 1081 752 quando
1117 683 1368 738 omnibus
1406 685 1585 738 omnia
1618 682 1773 755 large

297 757 459 812 tellus
494 759 615 828 ipsa
648 760 795 828 parit
828 763 1131 829 naturaque
1169 760 1400 814 daedala
1435 761 1656 831 rerum]
2035 739 2232 892 Vp

371 833 645 904 Principio
682 836 935 903 quoniam
969 836 1142 889 terrai
1178 853 1374 905 corpus
1412 840 1471 891 et
1505 853 1664 891 umor
1937 793 2052 910 ²³5

301 925 669 979 aurarumque
704 911 853 965 leves
888 911 1100 965 animae
1137 911 1406 980 calidique
1440 929 1687 982 vapores,
2117 873 2250 1006 Q&

298 1003 330 1038 e
365 985 561 1054 quibus
596 965 732 1041 haec
767 1003 951 1042 rerum
988 988 1290 1042 consistere
1324 1005 1535 1042 summa
1567 988 1801 1056 videtur,

299 1063 478 1116 onmia
511 1063 697 1117 nativo
732 1080 796 1118 ac
829 1065 1048 1118 mortali
1083 1080 1312 1134 corpore
1347 1069 1610 1131 constant,

300 1138 468 1192 debet
504 1139 695 1193 eodem
732 1141 905 1194 omnis
940 1140 1134 1195 mundi
1165 1145 1364 1195 natura
1397 1143 1591 1210 putari.
2017 1117 2124 1238 ᾧ
2252 1203 2253 1206 ¹

296 1215 499 1285 quippe
524 1217 726 1269 etenim
752 1232 985 1285 quorum
1008 1217 1184 1286 partis
1210 1221 1268 1270 et
1293 1217 1538 1270 membra
1561 1218 1809 1273 videmus
1931 1209 2135 1364 εἴην

293 1307 521 1360 corpore
555 1293 740 1346 nativo
774 1309 838 1346 ac
872 1292 1196 1346 mortalibus
1231 1309 1350 1346 esse
1385 1293 1590 1362 figuris,

292 1367 427 1422 haec
462 1368 655 1422 eadem
689 1368 863 1422 ferme
899 1369 1152 1422 mortalia
1185 1369 1458 1422 cernimus
1491 1385 1611 1424 esse

291 1449 351 1497 ct
383 1445 569 1497 nativa
604 1444 776 1498 simul.
814 1448 1152 1514 quapropter
1185 1445 1424 1498 maxima
1456 1445 1644 1498 mlmdi

292 1536 416 1572 cum
452 1520 665 1573 videam
702 1519 949 1574 membra
982 1537 1047 1574 ac
1081 1520 1257 1590 partis
1293 1524 1613 1590 consumpta
1645 1523 1873 1590 regigni‚

294 1596 431 1650 scire
464 1596 596 1650 licet
632 1596 767 1650 caeli
804 1613 1021 1666 quoque
1055 1597 1192 1651 item
1229 1601 1522 1665 terraeque
1554 1597 1720 1650 fuisse
1926 1615 1998 1652 215
2171 1640 2189 1658 .

291 1671 612 1741 principiale
648 1672 869 1740 aliquod
904 1677 1123 1742 tempus
1160 1673 1480 1741 clademque
1511 1673 1766 1726 futuram.
1940 1665 2144 1803 ff
2157 1644 2236 1722 st*

363 1747 512 1804 Illud
544 1749 599 1802 in
635 1748 720 1803 his
754 1749 917 1804 rebus
952 1767 1021 1805 nc
1057 1750 1382 1820 corripuisse
1418 1749 1588 1804 rearis
1983 1753 2130 1829 s

292 1841 381 1879 me
415 1825 563 1893 mihi,
601 1828 749 1895 quod
783 1830 989 1881 terram
1025 1830 1194 1896 atque
1230 1827 1410 1895 ignem
1445 1826 1697 1881 mortalia
1731 1828 1937 1897 sumpsi

289 1918 410 1955 csse
444 1918 623 1970 neque
656 1918 903 1956 umorem
939 1903 1186 1956 dubitavi
1221 1919 1492 1971 aurasque
1525 1904 1708 1971 perire

290 1980 457 2045 atque
490 1977 685 2030 eadem
722 1978 872 2045 gigni
907 1994 1205 2047 rursusque
1241 1994 1534 2045 augescere
1571 1978 1698 2045 dixi,
1920 1994 1994 2033 250

290 2053 553 2121 principio
588 2070 717 2122 pars
752 2054 921 2107 terrai
957 2054 1226 2121 nonnulla,
1262 2057 1490 2123 perusta

288 2128 490 2182 solibus
525 2128 783 2197 adsiduis,
817 2129 991 2183 multa
1024 2129 1240 2197 pulsata.
1272 2130 1476 2198 pedum
1510 2130 1580 2196 vi,

288 2204 527 2273 pulveris
563 2205 785 2258 exhalat
818 2205 1075 2259 nebulam
1108 2206 1390 2273 nubesque
1424 2204 1654 2258 volantis

290 2297 425 2347 quas
459 2280 627 2333 validi
661 2284 781 2334 toto
817 2281 1140 2349 disperglmt
1173 2297 1300 2335 aere
1335 2281 1496 2334 venti.

288 2373 415 2423 pars
450 2356 615 2409 etiam
650 2355 933 2423 glebarum
968 2356 1041 2409 ad
1076 2357 1334 2410 diluviem
1369 2359 1658 2410 revocatur
1923 2373 1995 2411 255

288 2431 553 2485 imbribus
588 2434 647 2485 et
678 2432 827 2501 ripas
862 2432 1111 2486 radentia
1145 2432 1366 2485 fiumina
1401 2432 1618 2485 rodunt.

286 2511 573 2577 praeterea
609 2524 709 2577 pro
741 2511 903 2576 parte
938 2525 1049 2574 sua,
1086 2508 1469 2578 quodcumque
1504 2508 1616 2561 alid
1649 2511 1830 2576 auget,

288 2584 570 2650 redditur3
606 2588 665 2637 et
700 2584 951 2653 quoniam
989 2584 1156 2639 dubio
1191 2584 1381 2654 procul
1417 2600 1538 2637 esse
1571 2584 1793 2637 videtur

288 2660 634 2729 omniparens
668 2660 863 2714 eadem
898 2678 1083 2715 rerum
1118 2677 1405 2715 commune
1441 2660 1764 2729 sepulcrum,

288 2754 421 2804 ergo
454 2742 606 2791 terra
640 2736 743 2791 tibi
778 2736 983 2791 libatur
1016 2740 1076 2792 et
1108 2742 1271 2791 aucta
1305 2738 1576 2791 rccrescit.
1916 2752 1986 2790 auo

358 2812 517 2878 Quod
552 2817 815 2881 superest,
849 2830 1040 2867 umore
1074 2831 1216 2867 novo
1249 2830 1402 2867 marc
1438 2814 1658 2866 flumina
1691 2814 1872 2867 fontes
1914 2831 1976 2917 ω

287 2906 503 2959 semper
538 2888 819 2944 abundare
852 2894 913 2944 et
946 2890 1140 2945 latices
1175 2907 1394 2943 manare
1429 2890 1684 2958 perennis

286 2966 361 3019 nil
396 2982 532 3035 opus
567 2969 655 3020 est
688 2966 896 3020 verbis:
930 2983 1162 3035 magnus
1197 2967 1462 3020 decursus
1495 2980 1756 3033 aquarum

285 3042 527 3111 undique
562 3042 823 3096 declarat.
858 3041 958 3097 sed
991 3044 1229 3112 primum
1266 3040 1525 3110 quicquid
1561 3041 1720 3109 aquai

284 3118 499 3171 tollitur
530 3118 586 3171 in
621 3134 941 3188 summaque
975 3119 1041 3173 fit
1072 3122 1138 3173 ut
1172 3119 1248 3173 nil
1282 3134 1438 3171 umor
1470 3116 1728 3183 abundet,
1914 3131 1984 3169 265

284 3193 485 3263 partim
521 3195 669 3261 quod
703 3194 865 3248 validi
902 3198 1186 3250 verrentes
1220 3210 1458 3263 aequora
1491 3192 1638 3247 venti

2108 2675 2181 2771 ‘st
