2259 3550
1144 125 1175 180 I
1982 129 2015 183 3

302 243 468 296 quem
503 243 681 297 neque
717 227 862 281 fama
897 228 1062 282 deum
1097 245 1199 282 nec
1234 227 1461 284 fulmina
1495 245 1595 284 nec
1630 229 1907 285 minitanti

301 321 581 360 murmure
615 306 940 374 compressit
974 306 1199 373 caelum,
1238 306 1338 360 sed
1374 324 1441 360 eo
1472 309 1651 377 magis
1684 325 1865 363 acrem

299 381 493 436 inritat
527 381 692 435 animi
727 382 1009 450 virtutem,
1044 382 1336 450 effringere
1372 387 1437 437 ut
1471 387 1597 439 arta
1966 399 2015 438 το

299 460 529 512 naturae
565 459 774 526 primus
809 462 1092 527 portarum
1127 459 1369 514 claustra
1403 461 1631 529 cupirct.

299 550 433 602 ergo
470 534 652 588 vivida
687 535 767 588 vis
803 535 970 588 animi
1005 536 1249 604 pervicit,
1286 539 1345 589 et
1381 540 1541 590 extra

298 611 568 679 processit
601 611 764 678 longe
797 611 1135 665 flammantia
1168 613 1382 665 moenia
1417 613 1605 666 mundi

299 692 468 756 atque
501 704 662 742 omne
697 689 1023 743 immensum
1059 690 1377 758 peragravit
1414 693 1599 744 mente
1634 690 1941 760 animoque,

297 765 447 818 unde
481 765 655 820 refert
688 765 847 819 nobis
881 765 1055 820 victor
1089 765 1227 834 quid
1260 766 1433 834 possit
1470 766 1615 834 oriri,
1962 781 2034 833 75,

299 841 436 909 quid
468 844 724 911 nequeat,
761 841 914 896 finita
949 847 1197 911 potestas
1236 841 1477 910 denique
1512 843 1711 912 cuique
1984 882 1990 888 -

297 934 533 987 quanam
571 917 644 972 sit
677 918 892 972 ratione
926 921 1098 987 atque
1134 918 1247 972 alte
1284 918 1551 972 terminus
1584 919 1830 974 haerens.

298 1011 470 1063 quare
506 994 698 1062 religio
733 993 969 1063 pedibus
1005 994 1253 1048 subiecta
1288 995 1522 1048 vicissim
1903 949 2045 1042 s

297 1071 586 1140 opteritur,
623 1087 722 1124 nos
759 1073 1032 1139 exaequat
1067 1070 1298 1125 victoria
1332 1071 1497 1126 caelo.

370 1147 518 1201 Illud
552 1147 610 1200 in
645 1146 732 1200 his
766 1146 934 1200 rebus
969 1163 1176 1214 vereor,
1214 1163 1284 1200 ne
1318 1147 1461 1202 forte
1496 1147 1669 1202 rearis
1714 1184 1729 1202 Ἰ
1962 1164 2035 1258 ffl-
2058 1180 2101 1237 ι,

296 1223 446 1292 inpia
477 1227 540 1278 te
573 1224 801 1277 rationis
835 1223 975 1277 inire
1010 1224 1284 1278 elementa
1319 1225 1569 1292 viamque
1892 1281 1900 1288 ,
1964 1276 1973 1283 ,
2142 1173 2189 1279 6

295 1299 586 1368 indugredi
623 1299 858 1354 sceleris.
895 1299 1044 1368 quod
1079 1303 1273 1354 contra
1308 1300 1525 1369 saepius
1559 1300 1653 1354 illa
1776 1271 2103 1378 ψ·

296 1378 488 1447 religio
521 1377 740 1448 peperit
775 1377 1044 1431 scelerosa
1078 1380 1247 1446 atque
1280 1376 1449 1446 impia
1480 1377 1640 1431 facta.

298 1454 504 1508 Aulide
541 1470 650 1523 quo
686 1457 846 1522 pacto
883 1453 1082 1507 Triviai
1118 1453 1346 1522 virginis
1381 1469 1532 1507 aram

298 1530 640 1600 Iphianassai
675 1532 970 1598 turparunt
1005 1529 1271 1598 sanguine
1308 1529 1467 1584 foede
1958 1547 2007 1586 ss

295 1607 557 1662 ductores
582 1607 831 1662 Danaum
867 1606 1082 1673 delecti,
1119 1606 1299 1676 prima
1333 1606 1587 1660 virorum.

295 1684 382 1738 cui
417 1684 578 1739 simul
611 1684 781 1738 infula
815 1683 1088 1751 virgineos
1123 1683 1460 1738 circumdata
1493 1687 1742 1753 comptus

295 1778 368 1816 ex
400 1763 638 1831 utraque
672 1759 791 1831 pari
827 1759 1092 1814 malarum
1127 1763 1288 1829 parte
1324 1760 1613 1830 profusast,

295 1842 354 1893 et
393 1842 666 1893 maestum
704 1837 866 1890 simul
900 1840 1030 1891 ante
1067 1854 1191 1890 aras
1227 1837 1451 1891 adstare
1485 1842 1773 1907 parentem

295 1915 470 1969 sensit
505 1918 566 1969 et
601 1914 743 1968 hune
778 1916 1007 1983 propter
1041 1913 1248 1967 ferrum
1286 1914 1464 1967 celare
1499 1914 1780 1970 ministros
1960 1932 2001 1969 9(

296 1994 634 2060 aspectuque
670 2006 768 2043 suo
803 1989 1054 2043 lacrimas
1089 1988 1371 2045 effundere
1406 1990 1555 2057 civis,

295 2070 451 2123 muta
485 2070 638 2121 metu
673 2070 880 2121 terram
914 2064 1147 2134 genibus
1182 2067 1469 2120 summissa
1501 2066 1745 2135 petebat.

294 2160 396 2198 nec
429 2144 662 2197 miserae
694 2140 958 2211 prodesse
990 2140 1047 2195 in
1082 2141 1180 2195 tali
1218 2144 1468 2211 tempore
1503 2142 1696 2211 quibat

296 2220 448 2289 quod
481 2220 665 2290 patrio
699 2219 952 2288 princeps
988 2218 1221 2272 donarat
1257 2220 1473 2273 nomine
1509 2236 1710 2288 regem.

295 2312 423 2351 nam
447 2295 664 2350 sublata
686 2296 864 2348 virum
888 2294 1139 2348 manibus
1163 2295 1627 2364 tremibundaque
1650 2296 1723 2350 ad
1747 2312 1870 2351 aras
1956 2312 2003 2349 96

297 2371 605 2439 deductast,
641 2388 749 2425 non
785 2375 850 2425 ut
886 2371 1130 2425 sollemni
1168 2386 1323 2425 more
1359 2388 1635 2426 sacrorum

295 2448 540 2519 perfecto
573 2452 758 2518 posset
793 2448 940 2503 claro
971 2448 1224 2502 comitari
1262 2448 1595 2515 Hymenaeo,

297 2526 397 2581 sed
429 2525 825 2599 casta-‘inceste
861 2524 1102 2578 nubendi
1140 2527 1388 2592 tempore
1423 2524 1477 2576 in
1515 2524 1632 2593 ipso

295 2602 476 2657 hostia
509 2601 821 2655 concideret
854 2604 1102 2655 mactatu
1138 2604 1347 2654 maesta
1380 2600 1637 2670 parentis,

294 2680 475 2733 exitus
509 2680 574 2732 ut
607 2678 766 2732 classi
803 2677 932 2731 felix
967 2678 1289 2747 faustusque
1324 2677 1567 2733 daretur.
1932 2692 2003 2731 100

293 2759 511 2810 tantum
546 2754 736 2823 religio
771 2754 952 2823 potuit
987 2754 1223 2808 suadere
1258 2754 1538 2809 malorum.

1922 2826 1972 2837 *-

365 2832 623 2887 Tutemet
657 2848 692 2884 a
726 2830 884 2885 nobis
918 2831 1027 2884 iam
1064 2831 1254 2898 quovis
1288 2834 1538 2899 tempore
1573 2834 1759 2885 vatum
1994 2840 2105 2901 ,ξι-τί
2122 2848 2153 2866 ⁸

293 2909 610 2977 terriloquis
646 2908 824 2962 victus
859 2906 1025 2961 dictis
1059 2906 1363 2961 desciscere
1396 2923 1641 2975 quaeres.
1885 2918 1979 2973 μή
2008 2929 2030 2953 e
2045 2915 2251 2957 συννα-

294 2987 499 3057 quippe
533 2986 737 3040 etenim
774 3000 939 3053 quam
973 2983 1149 3037 multa
1183 2982 1285 3036 tibi
1318 2983 1426 3036 iam
1460 2983 1675 3051 fingere
1706 2988 1933 3053 possunt
2073 2979 2133 3065 αὖ

295 3062 504 3117 somnia
537 3078 680 3131 quae
715 3062 861 3115 vitae
895 3060 1137 3114 rationes
1170 3062 1387 3113 vertere
1420 3060 1632 3127 possint
1930 3075 2001 3114 105
2132 3112 2139 3119 ,
2195 3112 2203 3121 ,

293 3140 652 3207 fortunasque
685 3141 812 3191 tuas
845 3138 1022 3211 omnis
1056 3137 1284 3190 turbare
1319 3137 1543 3189 timore!
1852 3110 2251 3201 ΔΑΜ*-

297 3219 358 3270 et
391 3216 603 3270 merito.
640 3230 765 3267 nam
803 3214 849 3267 si
885 3216 1092 3267 certam
1128 3214 1291 3267 finem
1330 3230 1449 3267 esso
1486 3212 1735 3266 viderent
