2259 3550
105 2833 151 2863 d

237 143 350 201 186
1035 134 1127 188 VI

232 248 293 302 et
325 241 477 312 quod
506 242 567 295 in
602 241 859 308 Aegypto
895 245 981 292 est
1016 253 1127 306 qua
1163 235 1351 290 mundi
1385 234 1658 290 claudicat
1693 235 1830 301 axis,

230 319 433 388 quidve
468 315 616 386 quod
650 315 708 368 in
744 313 924 368 Ponto
958 317 1047 368 est
1082 312 1318 381 differre,
1354 315 1414 367 et
1449 312 1697 368 Gadibus
1733 315 1910 380 atque

231 411 405 464 usque
440 393 513 448 ad
546 392 703 460 nigra
737 390 915 448 virum
950 392 1210 459 percocto
1245 390 1423 445 saecla
1456 389 1666 444 colore?

232 488 373 540 quae
407 487 530 524 00111
566 472 831 538 quattuor
860 468 1009 522 inter
1044 483 1105 520 se
1140 467 1360 522 diversa
1391 467 1641 520 videmus
1853 479 1958 520 1110

234 549 497 617 quattuor
531 563 565 600 a
597 544 778 599 ventis
812 547 873 599 et
906 544 1043 597 caeli
1076 542 1331 614 partibus
1365 560 1501 610 esse,

234 630 355 679 tum
389 622 539 678 color
574 625 633 676 et
664 620 835 676 facies
868 619 1150 674 hominum
1185 619 1396 674 distare
1429 620 1689 674 videntur

233 700 462 769 largiter
496 703 555 754 et
588 696 767 751 morbi
799 696 1107 766 generatim
1143 696 1322 751 saecla
1355 701 1562 752 tenere.

236 781 323 831 est
356 776 580 846 elephas
614 773 839 828 morbus
874 773 970 842 qui
1004 776 1238 843 propter
1272 772 1500 826 flumina
1533 771 1649 827 Nili

236 854 485 923 gignitur
510 855 766 923 Aegypto
787 852 845 905 in
866 851 1051 906 media
1071 867 1250 920 neque
1265 854 1820 921 praeterea-usquam.
1853 863 1962 906 1116

246 931 479 986 Atthide
512 932 860 998 temptantur
892 943 1116 995 gressus
1153 928 1402 996 oculique
1437 928 1494 982 in
1531 927 1770 984 Achaeis

240 1008 451 1062 finibus.
485 1006 617 1060 inde
652 1005 772 1059 aliis
806 1005 945 1058 alius
978 1004 1129 1058 locus
1165 1007 1253 1058 est
1285 1004 1534 1059 inimicus

240 1084 492 1154 partibus
526 1099 591 1136 ac
626 1080 913 1135 membris:
950 1081 1136 1134 varius
1171 1081 1462 1135 concinnat
1495 1079 1557 1134 id
1591 1095 1699 1134 aer.

242 1159 471 1230 proinde
504 1158 598 1212 ubi
635 1175 695 1212 se
733 1158 943 1212 eaelum
978 1156 1128 1226 quod
1163 1156 1324 1211 nobis
1356 1158 1503 1212 forte
1537 1156 1775 1212 alienum

239 1238 545 1292 commovet
576 1237 745 1303 atque
778 1249 875 1288 aer
907 1233 1160 1288 inimicus
1195 1250 1418 1303 serpere
1451 1234 1649 1301 eoepit,
1858 1248 1961 1287 1120

240 1316 304 1368 ut
338 1312 538 1366 nebula
572 1328 635 1366 ae
671 1309 846 1365 nubes
880 1310 1147 1379 paulatim
1182 1310 1330 1379 repit
1363 1313 1424 1365 et
1459 1325 1620 1364 omne

242 1406 351 1458 qua
382 1388 637 1457 graditur
670 1386 963 1442 conturbat
996 1389 1057 1440 et
1089 1386 1384 1440 immutare
1419 1389 1649 1453 coaetat,

244 1468 309 1520 fit
342 1481 561 1534 quoque
595 1468 674 1530 ut,
706 1464 765 1516 in
799 1465 1049 1518 nostrum
1085 1478 1210 1515 cum
1241 1462 1394 1517 venit
1424 1461 1660 1532 deniquo
1691 1459 1921 1528 caelum,

245 1545 560 1608 corrumpat
594 1540 902 1608 reddatque
938 1538 1020 1592 sui
1056 1537 1232 1592 simile
1265 1542 1434 1608 atque
1469 1539 1719 1593 alienum.

242 1619 377 1672 haec
410 1616 581 1685 igitur
616 1616 796 1670 subito
830 1615 1017 1669 clades
1052 1631 1192 1668 nova
1225 1615 1606 1684 pestilitasque
1856 1629 1959 1669 1125

244 1699 340 1748 aut
374 1692 431 1747 in
466 1709 633 1759 aquas
666 1690 819 1745 eadit
852 1693 950 1745 aut
983 1690 1171 1758 fruges
1205 1691 1440 1760 persidit
1473 1692 1530 1744 in
1564 1692 1712 1762 ipsas

244 1774 343 1826 aut
376 1769 510 1823 alios
543 1767 825 1822 hominum
858 1768 1050 1836 pastus
1085 1767 1484 1841 pecudumque
1505 1768 1732 1832 cibatus,

246 1851 344 1903 aut
377 1846 543 1901 etiam
579 1860 842 1914 suspensa
874 1846 1062 1897 manet
1095 1844 1179 1897 vis
1213 1861 1340 1899 aere
1373 1846 1431 1900 in
1465 1846 1586 1917 ipso

246 1927 319 1991 et,
354 1939 477 1978 cum
514 1922 786 1991 spirantes
820 1920 1020 1974 mixtas
1054 1920 1180 1974 111110
1216 1919 1468 1976 ducimus
1503 1937 1680 1989 11111118,

246 2000 344 2055 illa
380 2014 595 2069 quoque
629 1998 685 2051 in
721 2014 919 2066 corpus
950 1996 1159 2065 pariter
1195 1997 1417 2052 sorbere
1449 2001 1738 2053 necessest.
1860 2014 1959 2057 1130

249 2074 516 2131 consimili
550 2075 763 2130 ratione
798 2073 948 2128 venit
982 2072 1162 2127 bubus
1197 2090 1414 2143 quoque
1449 2090 1612 2144 saepe

248 2152 519 2223 pestilitas
556 2156 616 2205 et
650 2152 759 2204 iam
794 2149 969 2219 pigris
1004 2149 1318 2204 balantibus
1351 2166 1561 2219 aegror.

247 2245 349 2283 nec
383 2228 555 2283 refert
588 2231 776 2281 utrum
810 2243 909 2279 nos
942 2226 999 2279 in
1031 2225 1154 2279 loca
1189 2226 1552 2281 deveniamus·

245 2305 399 2359 nobis
432 2304 662 2359 adversa
696 2307 755 2358 et
787 2302 925 2357 caeli
959 2305 1234 2359 mutemus
1269 2304 1544 2374 amictum,

245 2400 315 2437 an
348 2380 559 2436 eaelum
592 2379 749 2433 nobis
783 2379 929 2432 ultro
963 2381 1165 2433 natura
1195 2380 1345 2434 alien
1353 2398 1450 2436 am
1859 2396 1960 2440 1138

245 2458 462 2513 deferat
494 2459 591 2510 aut
624 2454 831 2524 aliquid
863 2471 971 2525 quo
1003 2472 1113 2510 non
1149 2458 1526 2513 consuevimus
1558 2459 1658 2527 1111,

320 2533 394 2588 od
426 2549 526 2587 nos
560 2532 801 2608 adventu
835 2532 1008 2599 possit
1040 2535 1317 2602 temptare
1350 2535 1574 2589 recenti.

318 2610 475 2664 Haec
506 2608 649 2663 ratio
683 2609 956 2677 quondam
990 2609 1305 2664 morborum
1340 2613 1400 2665 et
1434 2611 1684 2664 mortifer
1717 2617 1900 2666 aestus

249 2686 445 2741 finibus
480 2685 537 2739 in
572 2684 831 2755 Cecropis
864 2686 1110 2739 funestos
1147 2686 1393 2741 reddidit
1427 2702 1588 2755 agros

251 2761 598 2830 vastavitque
633 2762 761 2825 viae,
800 2761 1052 2817 exhausit
1087 2762 1294 2817 civibus
1327 2764 1537 2817 urbem.
1863 2779 1960 2819 114⁰

252 2856 375 2893 nam
410 2838 631 2909 penitus
664 2838 888 2892 veniens
926 2839 1170 2908 Aegypti
1205 2838 1405 2893 finibus
1441 2846 1609 2910 01108,

246 2933 374 2971 aera
406 2931 729 2985 permensus
762 2915 997 2969 multum
1032 2932 1361 2986 camposque
1395 2919 1650 2985 na-tantiS‚

247 2991 494 3046 incubuit
528 2992 753 3045 tandem
788 2992 991 3061 populo
1026 2993 1322 3047 Pandionis
1356 2996 1552 3049 omnei.

249 3067 379 3119 inde
414 3067 735 3120 catervatim
772 3067 963 3119 morbo
996 3068 1271 3137 mortique
1307 3068 1593 3124 dabantur.

248 3141 515 3211 principio
548 3146 725 3206 caput·
750 3143 1033 3195 incensum
1066 3142 1284 3196 fervore
1316 3144 1583 3210 gerebant
1861 3162 1958 3203 1145

248 3217 310 3269 et
344 3214 577 3281 duplicis
610 3214 795 3269 oculos
832 3216 1033 3269 suffusa
1067 3216 1190 3271 luce
1227 3217 1504 3272 rubentes,
