2259 3550
1118 100 1268 160 IIII
1919 104 2028 163 107

322 211 553 277 propter
586 205 846 260 subtilem
882 211 1138 260 naturam
1175 211 1234 259 et
1268 207 1454 260 tenvia
1487 211 1656 261 texta.

322 286 511 338 cetera
546 280 618 336 de
652 298 855 350 genere
889 282 993 337 hoc
1028 281 1224 335 cadem
1262 282 1476 338 ratione
1511 289 1782 337 creantur.

320 377 465 428 quae
500 377 625 414 cum
660 358 939 413 mobiliter
973 375 1186 412 summa
1217 358 1444 414 levitate
1475 360 1743 427 feruntur,
1963 371 2033 414 725

322 439 387 488 ut
420 437 575 504 prius
610 434 841 499 ostendi,
878 434 1037 489 facile
1072 451 1182 488 uno
1217 440 1526 491 commovet
1561 437 1676 490 ictu

324 511 603 580 quaelibet
638 527 747 564 11113
782 511 1021 564 animum
1057 511 1215 565 nobis
1252 511 1467 566 subtilis
1504 513 1714 580 imago;

322 588 502 641 tenvis
536 588 683 642 enim
720 603 875 640 mens
910 591 997 642 est
1032 591 1092 641 et
1128 588 1266 642 mire
1302 588 1516 642 mobilis
1549 588 1683 656 ipsa.

394 664 549 718 Haec
574 664 692 718 fieri
718 667 781 717 ut
804 680 1064 732 memoro,
1086 664 1250 718 facile
1273 665 1398 718 hinc
1423 680 1751 732 cognoscere
1773 663 1965 734 possis.

322 743 594 810 quatenus
628 740 731 794 hoc
768 741 943 795 simile
978 745 1067 796 est
1102 740 1199 808 illi,
1235 742 1383 810 quod
1417 744 1604 795 mente
1639 741 1890 794 videmus
1957 751 2031 794 πο

324 823 492 886 atque
526 817 710 882 oculis,
749 816 909 870 simili
947 819 1067 872 ficri
1100 819 1316 872 ratione
1352 833 1576 871 necesse
1613 825 1714 872 cst.

324 909 467 948 nunc
500 894 669 961 igitur
704 895 957 963 quoniam
994 895 1160 950 docui
1196 911 1284 948 me
1321 895 1466 948 forte
1500 893 1711 948 leonem

322 985 547 1024 cernere
582 987 685 1039 per
720 969 1021 1040 simulacra,
1056 971 1244 1026 oculos
1279 985 1656 1040 quaecumque
1690 969 1982 1034 lacessunt,

322 1046 463 1100 scire
497 1046 625 1100 licet
660 1049 901 1100 mentem
938 1047 1097 1100 simili
1135 1046 1351 1102 ratione
1385 1047 1608 1112 moveri,

320 1139 421 1191 per
458 1122 745 1176 simulacra
780 1122 991 1178 leonem
1029 1127 1089 1177 et
1124 1127 1312 1178 cetera
1345 1140 1486 1192 quae
1523 1123 1677 1178 videt
1711 1137 1888 1191 seque
1956 1133 2029 1175 755

321 1214 421 1253 nec
457 1199 634 1252 minus
670 1202 837 1264 atque
873 1199 1028 1267 oculi,
1064 1201 1164 1253 nisi
1203 1199 1350 1268 quod
1387 1216 1544 1266 mage
1581 1199 1764 1252 tenvia
1799 1197 1990 1251 cernit.

321 1291 421 1329 nee
457 1273 667 1328 ratione
704 1274 823 1340 alia,
858 1292 982 1329 cum
1018 1292 1240 1328 somnus
1273 1275 1522 1328 membra
1557 1275 1818 1343 profudit,

320 1367 475 1404 mens
508 1351 674 1405 animi
710 1350 913 1418 vigilat,
950 1353 1053 1406 nisi
1090 1352 1239 1420 quod
1276 1351 1562 1405 simulacra
1599 1351 1872 1404 lacessunt

322 1425 456 1480 haec
492 1426 685 1480 eadem
722 1430 938 1480 nostros
973 1428 1184 1482 animos
1221 1444 1362 1496 quae
1397 1443 1521 1480 cum
1558 1427 1858 1494 vigilamus,

317 1517 491 1571 nsque
514 1503 671 1569 adeO,
694 1506 845 1556 certe
872 1508 937 1556 ut
959 1504 1247 1558 videamur
1269 1519 1494 1558 cernere
1519 1519 1644 1556 cum
1669 1518 1833 1572 quem
1954 1515 2027 1556 7⁶0

318 1579 533 1634 rellicta
566 1579 679 1633 vita
714 1579 822 1631 iam
858 1597 1004 1633 mors
1041 1586 1100 1634 ct
1137 1585 1289 1634 terra
1323 1580 1568 1649 potitast.

320 1655 421 1709 hoc
456 1655 581 1710 ideo
618 1655 737 1708 fieri
773 1656 919 1723 cogit
955 1662 1170 1724 natura,
1207 1657 1357 1725 quod
1393 1672 1580 1709 omnes

318 1732 560 1802 eorporis
596 1731 775 1787 offecti
814 1749 1003 1788 sensus
1038 1750 1140 1803 per
1175 1732 1420 1788 membra
1454 1732 1742 1801 quiescunt

318 1826 419 1865 nec
457 1813 683 1877 possunt
718 1809 913 1863 falsum
948 1812 1091 1863 veris
1126 1811 1446 1864 convincere
1483 1809 1660 1863 rebus.

315 1891 604 1955 praeterea
638 1886 947 1940 meminisse
982 1887 1123 1941 iacet
1159 1887 1491 1955 languetque
1530 1902 1722 1953 sopore
1955 1897 2026 1938 765

317 1978 418 2017 nec
454 1962 713 2017 dissentit
750 1979 875 2015 eum
908 1963 1103 2017 mortis
1139 1962 1344 2031 letique
1381 1963 1614 2029 potitum

313 2038 424 2091 iam
462 2039 693 2108 pridem,
732 2056 894 2107 quem
931 2055 1084 2091 mens
1120 2039 1298 2091 vivom
1337 2055 1397 2091 se
1433 2054 1658 2091 cernere
1693 2035 1888 2089 credit.

316 2114 464 2183 quod
499 2118 767 2184 superest,
800 2131 910 2168 11011
946 2118 1032 2167 est
1066 2114 1267 2167 mirum
1303 2113 1590 2166 simulacra
1625 2112 1832 2165 moveri

316 2190 679 2259 bracchiaque
716 2192 772 2244 in
808 2206 1094 2243 numerum
1130 2192 1338 2244 iactare
1375 2195 1432 2243 et
1468 2194 1654 2243 cetera
1689 2188 1950 2242 membra.

316 2283 443 2320 nam
480 2268 545 2321 fit
580 2271 646 2321 ut
680 2268 733 2319 in
771 2266 972 2319 somnis
1006 2266 1190 2319 facere
1224 2266 1327 2319 hoc
1364 2265 1617 2319 videatur
1653 2264 1862 2330 imag03
1952 2277 2026 2317 770

314 2344 521 2412 quippe
552 2344 647 2396 ubi
684 2342 861 2411 prima
895 2343 1041 2412 perit
1076 2343 1292 2410 alioque
1327 2347 1413 2395 est
1447 2342 1622 2395 altera
1658 2343 1789 2392 nata

314 2418 445 2473 inde
480 2422 645 2486 statu,
678 2418 831 2487 prior
863 2418 951 2471 hic
984 2423 1203 2486 gestum
1240 2422 1480 2471 mutasse
1515 2416 1748 2469 videtur.

318 2495 525 2550 scilicet
560 2495 620 2549 id
654 2494 773 2548 fieri
808 2495 971 2549 celeri
1008 2495 1220 2548 ratione
1257 2493 1640 2562 putandumst:

316 2575 475 2627 tanta
510 2575 597 2628 est
631 2570 905 2625 mobilitas
942 2574 1001 2625 et
1036 2587 1221 2625 rerum
1258 2571 1414 2640 copia
1447 2574 1604 2623 tanta

315 2652 601 2723 tantaque
618 2648 862 2703 sensibili
898 2649 1089 2717 quovis
1126 2652 1216 2701 est
1251 2654 1502 2716 tempore
1543 2646 1598 2697 in
1635 2660 1742 2697 uuo
1947 2654 2022 2698 775

314 2725 470 2794 copia
504 2724 914 2795 particularum,
950 2728 1014 2777 ut
1047 2722 1222 2794 possit
1259 2722 1630 2798 suppeditare.
2001 2717 2147 2814 Q

383 2800 692 2871 [Multaque
725 2801 783 2855 in
818 2801 905 2854 his
939 2800 1105 2854 rebus
1143 2805 1482 2869 quaeruntur
1513 2796 1799 2863 multaque
1832 2794 1992 2850 nobis

311 2877 701 2946 clai-andumst‚
734 2877 895 2966 plane
932 2877 976 2929 si
1012 2892 1101 2931 res
1137 2892 1411 2944 exponere
1446 2888 1682 2928 avemus.

310 2955 595 3021 ‘quaeritur
628 2955 683 3008 in
720 2954 909 3023 primis
946 2969 1135 3021 quare,
1169 2952 1318 3021 quod
1351 2951 1546 3019 cuique
1582 2949 1752 3002 libido

312 3030 537 3097 venerit,
576 3029 853 3099 extemplo
888 3045 1043 3083 mens
1082 3030 1288 3095 cogitet
1325 3028 1441 3082 eius
1477 3026 1536 3079 id
1571 3027 1764 3093 ipsum.
1943 3037 2018 3078 '780

313 3122 453 3160 311110
488 3106 825 3160 voluntatem
859 3110 1103 3163 nostram
1141 3105 1428 3159 simulacra
1462 3106 1690 3156 tuentur

312 3184 372 3235 et·
410 3181 568 3235 simul
604 3198 668 3235 ac
702 3181 951 3234 volumus
987 3181 1144 3234 nobis
1181 3180 1420 3234 occurrit
1455 3178 1647 3246 imago,
