2259 3550
1143 125 1242 183 VI
1936 125 2048 182 159

358 246 467 298 qua
499 245 779 298 possemus
814 227 886 282 ad
920 228 982 281 id
1014 231 1169 282 recto
1203 227 1534 282 contendere
1567 243 1745 292 cursu,

356 306 558 375 quidve
592 305 719 358 mali
753 305 895 358 foret
930 304 985 356 in
1022 304 1188 357 rebus
1222 303 1530 358 mortalibu'
1563 305 1784 372 passim,

356 381 506 450 quod
539 381 700 435 fieret
734 380 969 434 naturali
1004 380 1265 448 varieque
1299 379 1508 434 volaret
2003 395 2054 434 ³0

357 474 453 512 seu
486 473 617 510 casu
652 473 748 511 seu
782 456 851 524 vi,
884 456 1031 525 quod
1068 455 1146 508 sic
1181 458 1380 509 natura
1413 460 1674 524 parasset,

356 536 415 587 et
449 532 647 601 quibus
682 549 716 586 e
750 532 925 601 portis
960 531 1172 585 occurri
1209 530 1406 600 cuique
1441 530 1679 599 deceret,

356 613 414 662 et
446 625 620 677 genus
654 609 951 662 humanum
986 607 1193 661 frustra
1226 607 1549 676 plerumque
1583 608 1838 678 probavit

357 685 572 738 volvere
608 699 860 738 curarum
895 683 1073 737 tristis
1106 684 1162 736 in
1198 685 1422 752 pectore
1456 683 1668 737 fluctus.

355 777 481 814 nam
514 760 683 815 veluti
718 761 875 830 pueri
908 758 1188 827 trepidant
1223 763 1388 828 atque
1416 761 1596 813 omnia
1626 761 1800 814 caecis
2006 778 2054 814 32

354 837 411 888 in
446 836 690 891 tenebris
722 839 992 902 metuunt,
1030 837 1105 889 sic
1142 852 1240 889 nos
1275 837 1330 889 in
1366 836 1486 890 luce
1521 837 1778 890 timemus

357 910 649 980 interdum,
685 912 793 964 nilo
829 927 971 980 quae
1006 914 1135 965 sunt
1168 911 1465 965 metuenda
1498 912 1674 980 magis
1709 929 1874 980 quam

358 1005 497 1056 quae
532 988 694 1057 pueri
728 989 783 1040 in
820 987 1062 1041 tenebris
1095 988 1348 1056 pavitant
1382 989 1705 1058 finguntque
1739 989 1937 1043 futura.

357 1065 505 1118 hunc
532 1064 703 1132 igitur
718 1068 1003 1117 .terrorem
1040 1063 1205 1117 animi
1239 1062 1606 1132 tenebrasque
1640 1068 1917 1119 necessest

357 1145 463 1193 non·
498 1140 639 1193 radii
674 1140 803 1192 solis
836 1155 937 1192 nec
971 1139 1153 1193 lucida
1187 1139 1300 1194 tela
1336 1139 1443 1194 diei
2008 1155 2056 1193 40

359 1216 668 1283 discutiant,
704 1215 803 1269 sed
836 1218 1065 1270 naturae
1102 1216 1311 1284 species
1345 1217 1610 1284 ratioque.

359 1308 467 1360 quo
502 1292 671 1360 magis
704 1291 981 1360 inceptum
1016 1307 1239 1360 pergam
1277 1295 1566 1360 pertexere
1601 1292 1778 1346 dictis.

428 1367 503 1422 Et
534 1367 789 1434 quoniam
825 1366 985 1420 docui
1019 1367 1208 1420 mundi
1243 1366 1496 1421 mortalia
1529 1368 1736 1437 templa
1799 1347 2158 1446 Luam?

358 1458 479 1496 esse
511 1449 563 1497 et
596 1443 780 1496 nativo
815 1443 1113 1496 consistere
1148 1459 1377 1512 corpore
1411 1443 1632 1509 caelum,
2047 1483 2187 1530 Q

358 1523 417 1572 et
451 1535 827 1588 quaecumque
861 1518 915 1570 in
952 1535 1017 1572 eo
1052 1518 1194 1572 flunt
1228 1519 1458 1587 fierique
1491 1524 1778 1586 necessest,
2007 1537 2057 1576 45

357 1594 637 1662 pleraque·
652 1595 896 1660 ressolui,
934 1611 1076 1663 quae
1112 1598 1326 1648 restant
1359 1595 1581 1665 percipe
1614 1613 1794 1665 porro,
1890 1597 2058 1656 (ιο-αι

308 1712 315 1718 .
359 1669 799 1738 quandoquidem
837 1671 1003 1724 semel
1040 1670 1307 1738 insignem
1343 1671 1706 1726 conscendere
1741 1689 1961 1728 currum

1192 1769 1226 1805 *

358 1834 663 1893 ventorum,
700 1847 768 1885 ex
803 1831 886 1883 ira
920 1834 984 1885 ut
1018 1830 1318 1898 placentur,
1355 1839 1418 1885 ut
1453 1831 1634 1885 omina
1667 1850 1882 1887 rursum

358 1922 499 1973 quae
532 1906 739 1959 fuerint
774 1907 885 1959 sint
918 1907 1131 1974 placato
1165 1923 1425 1961 conversa
1457 1908 1654 1961 furore.

358 1984 543 2035 cetera
577 1998 717 2047 quae
752 1981 872 2035 fieri
906 1982 961 2034 in
996 1983 1162 2035 terris
1196 1981 1453 2051 caeloque
1485 1986 1712 2037 tuentur
2007 2001 2060 2041 ⁵⁰

359 2056 632 2123 mortales,
668 2056 877 2125 pavidis
912 2073 1034 2109 cum
1068 2058 1314 2125 pendent
1347 2057 1606 2111 mentibu'
1643 2075 1822 2129 saepe,

358 2136 418 2185 et
450 2132 657 2186 faciunt
690 2133 901 2185 animos
935 2132 1154 2185 humilis
1185 2132 1476 2186 formidine
1509 2133 1688 2187 divom

360 2207 758 2276 depressosque
791 2210 1049 2275 premunt
1082 2208 1156 2261 ad
1190 2212 1394 2261 terram
1430 2212 1723 2277 propterea
1757 2211 1906 2280 quod

357 2284 661 2351 ignorantia
694 2298 977 2337 causarum
1012 2284 1264 2337 conferre
1296 2282 1523 2337 deorum

360 2359 507 2426 cogit
540 2358 613 2411 ad
648 2358 938 2427 imperium
974 2376 1064 2413 res
1099 2366 1158 2413 et
1195 2359 1495 2414 concedere
1531 2376 1773 2427 regnum.
2009 2380 2060 2417 55

360 2457 565 2499 QUORUM
584 2459 779 2491 ormi-tm
800 2459 983 2491 CAUsAs
1001 2458 1167 2491 NULLA
1188 2458 1396 2491 RATIONE
1415 2460 1593 2492 vlnmzss

361 2526 571 2560 Possum
588 2526 651 2559 Ac
669 2526 803 2559 FIERI
824 2526 996 2558 Drvmo
1016 2525 1214 2559 mmmm
1236 2526 1432 2558 amun

360 2604 487 2643 nam
520 2588 663 2643 bene
698 2588 793 2657 qui
828 2587 1070 2642 didicere
1106 2588 1240 2643 deos
1274 2604 1525 2642 securum
1560 2606 1722 2659 agere
1757 2608 1963 2661 aevom,

359 2664 405 2719 si
440 2668 624 2719 tamen
659 2665 871 2719 interea
904 2664 1174 2719 mirantur
1209 2680 1319 2731 qua
1351 2664 1561 2719 ratione

359 2758 609 2810 quaeque
641 2740 761 2809 geri
798 2740 1023 2810 possint,
1058 2739 1384 2810 praesertim
1418 2740 1584 2795 rebus
1617 2742 1674 2795 in
1707 2742 1817 2799 illis
2012 2760 2062 2799 60

361 2834 503 2887 quae
538 2833 735 2887 supera
770 2822 938 2887 caput
972 2817 1232 2872 aetheriis
1265 2820 1561 2870 cernuntur
1594 2818 1650 2871 in
1685 2820 1811 2889 oris,

360 2910 549 2947 rursus
582 2893 641 2945 in
675 2893 929 2962 antiquas
964 2895 1280 2948 referuntur
1315 2892 1590 2961 religionis
1637 2959 1652 2965 ¹

360 2972 421 3022 et
454 2967 702 3023 dominos
738 2969 878 3023 acris
912 2970 1238 3036 adsciscunt,
1273 2969 1453 3023 omnia
1488 2984 1647 3037 posse

362 3059 499 3112 quos
530 3045 715 3099 miseri
749 3044 998 3110 credunt,
1032 3045 1210 3113 ignari
1245 3044 1379 3113 quid
1415 3051 1582 3112 queat
1617 3060 1752 3114 esse,

360 3120 497 3188 quid
533 3125 785 3189 nequeat,
821 3121 979 3175 finita
1012 3127 1258 3191 potestas
1295 3120 1528 3189 denique
1565 3121 1763 3189 cuique
2015 3140 2062 3179 65

361 3212 593 3270 quanam
630 3196 703 3251 sit
737 3198 934 3251 rationi
970 3202 1138 3266 atquc
1173 3198 1284 3251 alto
1319 3197 1586 3251 terminus
1618 3196 1878 3263 haerens;
