2259 3550
203 2276 250 2311 14

808 467 864 521 Τ.
903 468 1235 523 LUCRETI
1277 470 1465 525 CARI

491 631 652 707 DE
733 634 1173 711 RERUM
1253 638 1783 714 NATURA

811 825 1066 875 LIBER
1113 827 1462 877 PRIMUS.

1025 1003 1229 1034 ..η-,-

293 1187 615 1242 Aeneadum
649 1187 921 1256 genetrix,
958 1189 1241 1242 hominum
1278 1190 1567 1260 divomque
1601 1161 2241 1266 νοῐιιρΐῐειει,Ὗ-Ὶρξῑνῦαῤ-,ᾸΞΕΧΖ

288 1265 432 1318 alma
469 1263 672 1326 Venu3‚
709 1264 842 1318 caeli
881 1265 1074 1318 subter
1114 1265 1357 1320 labentia
1391 1267 1546 1334 signa

289 1355 430 1411 quae
465 1357 615 1393 mare
652 1341 984 1408 navigerum,
1021 1357 1163 1408 quae
1200 1344 1378 1395 terras
1414 1342 1783 1410 frugiferentis

289 1417 652 1482 concelebras,
692 1433 789 1484 per
827 1421 884 1470 te
923 1417 1181 1484 quoniam
1217 1434 1391 1485 genus
1425 1433 1583 1471 omne
1618 1418 1952 1471 animantum

287 1494 590 1561 concipitur
627 1493 858 1559 visitque
895 1496 1150 1546 exortum
1188 1493 1393 1547 lumina
1428 1494 1569 1547 solia.
1975 1507 1999 1545 ε

288 1575 362 1636 te,
399 1570 518 1638 dea,
553 1574 612 1623 te
648 1569 863 1636 fugiunt
902 1570 1068 1636 venti,
1105 1573 1165 1623 tc
1201 1569 1387 1624 nubila
1422 1571 1556 1624 caeli

289 1647 695 1714 adventumque
729 1649 902 1713 tuum,
939 1645 1041 1699 tibi
1079 1646 1260 1700 suavis
1297 1646 1528 1701 daedala
1563 1647 1727 1700 tellus

291 1724 586 1779 summittit
621 1723 794 1792 flores,
833 1723 937 1777 tibi
975 1723 1165 1779 rident
1204 1741 1443 1795 aequora
1477 1725 1630 1795 ponti

289 1804 672 1872 placatumque
707 1802 851 1855 nitet
889 1801 1085 1855 diffuso
1122 1802 1325 1856 lumine
1361 1803 1584 1857 caelum.

289 1896 415 1933 nam
452 1879 612 1932 simul
649 1895 712 1932 ac
749 1879 957 1947 speeies
1000 1879 1333 1947 patefactast
1368 1897 1536 1933 verna
1572 1880 1683 1935 diei
1958 1893 2005 1932 10

289 1961 347 2010 et
382 1959 630 2009 reserata
663 1955 813 2023 viget
854 1954 1171 2021 genitabilis
1209 1972 1341 2009 aura
1376 1956 1571 2022 favoni,

289 2034 470 2087 aeriae
505 2034 739 2100 primum
781 2032 1030 2087 volucres
1068 2038 1141 2097 te,
1177 2033 1319 2097 diva,
1356 2036 1623 2101 tuumque

290 2110 598 2177 significant
633 2110 829 2163 initum
870 2110 1152 2179 perculsae
1189 2109 1354 2165 corda
1391 2114 1487 2163 tua
1522 2110 1588 2161 vi.

291 2186 420 2240 inde
455 2187 602 2240 ferae
637 2186 874 2255 pecudes
915 2186 1225 2253 persultant
1260 2185 1461 2253 pabula
1496 2184 1639 2238 laeta

292 2266 350 2317 et
384 2262 608 2332 rapidos
643 2266 865 2315 tranant
904 2261 1104 2314 amnis:
1145 2261 1223 2313 ita
1257 2264 1419 2329 capta
1452 2261 1639 2328 lepore
1962 2276 2008 2313 15

294 2342 350 2394 te
385 2339 635 2406 sequitur
671 2336 866 2403 cupide
906 2352 1014 2403 quo
1057 2353 1333 2404 quamque
1367 2336 1626 2391 inducere
1660 2335 1858 2402 pergiS.

292 2416 532 2482 denique
566 2430 667 2481 per
701 2413 874 2465 maria
919 2429 982 2465 ac
1019 2413 1222 2465 montis
1256 2413 1556 2480 fluviosque
1590 2413 1803 2481 rapacis

290 2490 727 2558 frondiferasque
765 2487 955 2542 domos
995 2489 1177 2541 avium
1217 2505 1543 2558 camposque
1578 2488 1804 2542 virentis

293 2567 545 2621 omnibus
580 2566 848 2620 incutiens
887 2564 1148 2618 blandum
1193 2582 1293 2634 per
1327 2569 1551 2633 pectora
1585 2582 1823 2619 amorem

295 2644 462 2698 efficis
496 2648 562 2699 ut
596 2642 794 2713 cupide
831 2644 1139 2711 generatim
1184 2644 1360 2698 saecla
1394 2649 1710 2715 propagent.
1964 2658 2013 2697 20

297 2737 438 2789 quae
475 2722 727 2789 quoniam
765 2738 949 2775 rerum
992 2725 1246 2775 naturam
1284 2724 1398 2777 sola
1432 2722 1707 2791 gubernas

297 2813 398 2851 nec
435 2798 550 2851 sine
583 2801 643 2851 te
679 2798 967 2867 quicquam
1009 2798 1128 2853 dias
1166 2799 1222 2852 in
1261 2799 1478 2854 luminis
1514 2816 1637 2853 oras

301 2873 546 2927 exoritur
581 2890 761 2943 neque
797 2876 862 2928 fit
899 2875 1102 2929 laetum
1140 2892 1321 2943 neque
1358 2876 1590 2929 amabile
1625 2874 1931 2943 quicquam,

303 2953 361 3003 te
397 2949 594 3003 sociam
631 2950 827 3005 studeo
865 2950 1169 3005 scribendis
1206 2951 1453 3004 versibus
1488 2968 1609 3003 esse

305 3042 442 3094 quos
477 3042 580 3091 ego
617 3025 686 3079 de
722 3043 907 3080 rerum
943 3031 1141 3079 natura
1175 3043 1415 3094 pangere
1453 3043 1615 3079 conor
1966 3040 2013 3077 25

306 3100 674 3155 Memmiadae
707 3106 896 3157 nostro
914 3171 916 3173 v
931 3119 1093 3169 quem
1129 3107 1209 3170 tu,
1244 3102 1363 3170 dea,
1399 3106 1647 3169 tempore
1683 3102 1739 3154 in
1775 3100 1922 3153 omni

306 3176 554 3230 omnibus
591 3182 842 3232 ornatum
882 3178 1099 3231 voluisti
1136 3176 1405 3232 excellere
1440 3178 1619 3231 rebus,

323 3255 350 3299 4
