2259 3550
183 103 296 160 100
967 97 1111 154 1111

172 205 519 273 nequiquam,
556 203 813 272 quoniam
846 216 975 271 pars
1010 201 1206 256 horum
1242 201 1477 255 maxima
1509 201 1650 256 fallit

170 283 398 350 propter
432 279 686 348 opinatus
720 277 885 331 animi
921 295 1056 348 quos
1091 277 1345 331 addimus
1379 278 1499 346 ipsi,
1813 293 1888 332 465

170 372 273 426 pro
308 356 438 409 visis
474 359 537 408 ut
573 355 683 408 sint
718 371 859 422 quae
895 371 1001 407 non
1039 358 1169 408 sunt·
1203 353 1436 408 sensibu’
1473 355 1601 408 visa.

169 449 295 486 nam
331 432 407 485 nil
442 429 659 498 aegrius
695 434 783 484 est
818 447 981 500 quam
1016 447 1107 484 res
1143 446 1425 484 secernere
1461 436 1682 499 apertas

170 507 239 562 ab
276 506 471 574 dubiis,
508 506 721 560 animus
757 525 893 575 quas
928 506 999 561 ab
1034 523 1093 561 se
1128 507 1380 576 protinus
1415 507 1586 561 addit.

136 559 161 736 Ι
238 583 492 652 Denique
525 583 603 636 nil
638 585 761 636 sciri
799 583 970 664 siguis
1004 586 1182 712 putat,
1218 583 1277 638 id
1313 599 1533 654 qnfflue
1566 583 1741 638 nescit

170 676 204 714 a
354 675 403 712 ri
510 659 611 713 ssit
705 676 920 713 uoniam
958 675 1016 712 m
1073 660 1212 714 scire
1247 659 1303 712 fa
1427 676 1456 712 r
1815 673 1888 714 wo

169 735 313 789 hune
345 735 515 803 igitur
550 752 651 789 con
682 753 745 788 ra
780 753 855 788 ml
1035 735 1369 790 contendere
1405 751 1638 802 eausam,
1851 747 1860 758 ·

168 811 264 881 qui
299 811 479 880 oepite
514 813 632 881 ipse
670 827 767 865 sua
800 813 856 864 in
890 812 1091 865 statuit
1125 811 1357 879 vestigia
1393 827 1525 865 sese.

167 891 226 941 et
262 890 446 941 tamen
482 887 585 941 hoc
620 904 837 957 quoque
873 889 955 941 uti
993 888 1287 941 concedam
1325 889 1477 956 scire,
1512 891 1573 941 at
1605 887 1667 940 id
1707 887 1886 956 ipsum

168 979 441 1032 quaeram,
476 980 599 1017 cum
634 966 690 1017 in
728 964 893 1018 rebus
928 964 1045 1016 veri
1082 964 1158 1016 nil
1197 964 1400 1018 viderit
1435 967 1579 1028 ante,

166 1040 314 1093 unde
350 1041 487 1094 sciat
522 1041 658 1107 quid
694 1041 767 1094 sit
802 1040 941 1092 seire
976 1043 1036 1092 et
1072 1040 1284 1093 nescire
1320 1039 1571 1105 vicissim,
1815 1053 1888 1092 475
1945 1099 1953 1106 ,

168 1116 419 1170 notitiam
456 1117 571 1169 veri
608 1132 751 1184 quae
786 1133 876 1168 res
910 1115 1143 1182 falsique
1179 1117 1381 1170 crearit

169 1196 227 1246 et
263 1192 489 1246 dubium
527 1199 677 1245 certo
715 1209 854 1259 quae
892 1209 981 1244 res
1018 1193 1242 1245 differre
1277 1192 1544 1260 probarit.

168 1269 409 1322 invenies
444 1269 633 1336 primis
670 1269 739 1321 ab
776 1268 1027 1320 sensibus
1064 1285 1184 1321 esse
1219 1271 1458 1321 creatam

169 1345 421 1398 notitiem
457 1346 571 1398 veri
609 1362 785 1414 neque
823 1362 1012 1398 sensus
1049 1361 1210 1412 posse
1246 1342 1433 1396 refelli.

169 1438 294 1474 nam
330 1421 535 1474 maiore
570 1421 681 1473 fide
717 1421 885 1474 debet
922 1419 1214 1488 reperirier
1248 1419 1398 1486 illud,
1815 1433 1890 1472 48⁰

168 1500 363 1564 sponte
399 1513 496 1550 sua
531 1496 674 1549 veris
710 1496 859 1562 quod
893 1496 1067 1564 possit
1104 1496 1321 1548 vincere
1355 1495 1506 1548 falsa.

168 1572 305 1640 quid
340 1573 543 1626 maiore
579 1572 690 1626 fide
724 1588 887 1640 porro
924 1588 1087 1641 quam
1124 1587 1315 1624 sensus
1350 1571 1542 1625 haberi

169 1648 370 1702 debet?
406 1665 475 1701 an
512 1647 582 1701 ab
619 1664 781 1700 sensu
816 1648 955 1701 falso
988 1648 1128 1701 ratio
1167 1650 1288 1700 orta
1324 1646 1527 1700 valebit

169 1725 350 1779 dicere
386 1740 477 1779 eos
512 1727 717 1792 contra,
756 1739 895 1791 quae
930 1725 1051 1777 tota
1084 1722 1156 1777 ab
1193 1723 1444 1777 sensibus
1479 1726 1600 1778 orta
1635 1723 1753 1777 est?

170 1802 263 1869 qui
300 1801 403 1854 nisi
442 1805 570 1855 sunt
603 1801 733 1866 veri,
770 1800 913 1853 ratio
952 1816 1171 1868 quoque
1207 1800 1343 1853 falsa
1376 1800 1442 1853 fit
1477 1800 1666 1853 omnis
1813 1816 1887 1853 485

168 1894 238 1931 an
273 1879 536 1946 poterunt
572 1875 754 1929 oculos
790 1892 950 1929 aures
985 1876 1406 1943 reprehendere,
1443 1892 1512 1929 an
1550 1892 1710 1929 aures

169 1954 383 2007 taetus?
420 1968 490 2006 an
526 1952 670 2005 hune
704 1967 866 2019 porro
903 1955 1110 2005 tactum
1151 1968 1311 2020 sapor
1348 1955 1542 2018 arguet
1577 1952 1701 2017 oris,

170 2045 240 2081 an
274 2027 633 2082 confutabunt
669 2044 830 2080 nares
864 2026 1072 2081 oculive
1109 2029 1420 2082 revincent?

172 2120 297 2171 non,
333 2107 398 2157 ut
434 2104 639 2173 opinor,
678 2104 759 2157 ita
793 2107 893 2157 est.
931 2120 1055 2156 nam
1094 2120 1340 2157 seorsum
1376 2104 1572 2172 cuique
1607 2107 1854 2172 potestas

173 2179 415 2247 divisast,
452 2196 549 2233 sua
582 2180 665 2233 vis
700 2179 964 2246 cuiquest,
1002 2179 1240 2247 ideoque
1275 2195 1497 2233 neeesse
1533 2183 1619 2233 est
1815 2194 1887 2233 490

170 2260 231 2311 et
264 2256 415 2327 quod
450 2256 615 2310 molle
650 2254 724 2309 sit
758 2261 817 2308 et
852 2255 1093 2321 gelidum
1130 2256 1415 2309 fervensve
1449 2271 1702 2309 seorsum

172 2336 232 2387 et
266 2350 508 2387 seorsum
545 2331 722 2384 varios
757 2346 942 2383 rerum
980 2333 1186 2385 sentire
1222 2332 1430 2385 colores

172 2413 235 2464 et
268 2424 640 2478 quaecumque
676 2407 933 2460 coloribu'
970 2408 1082 2461 sint
1114 2409 1402 2462 coniuncta
1438 2408 1641 2462 videre.
1711 2458 1724 2469 ,

173 2501 390 2539 seorsus
424 2484 559 2538 item
598 2500 756 2553 sapor
792 2484 901 2537 oris
937 2483 1108 2539 habet
1143 2484 1267 2549 vim,
1305 2500 1518 2538 seorsus
1551 2484 1750 2538 odores

172 2565 481 2630 nascuntur,
518 2578 728 2616 sorsum
766 2560 990 2614 sonitus.
1025 2560 1262 2631 ideoque
1295 2577 1516 2615 necesse
1551 2566 1639 2615 est
1815 2575 1886 2615 m

171 2653 282 2692 non
315 2639 527 2705 possint
560 2638 692 2691 alios
728 2637 818 2689 alii
854 2637 1173 2691 convincere
1209 2654 1413 2691 sensus.

175 2730 275 2767 nec
308 2729 471 2783 porro
506 2717 767 2783 poterunt
801 2712 905 2780 ipsi
942 2714 1347 2781 reprehendere
1383 2730 1517 2781 sese,

174 2805 351 2858 aequa
384 2790 525 2843 fides
561 2790 816 2859 quoniam
852 2789 1079 2843 debebit
1116 2806 1332 2858 semper
1367 2790 1572 2844 haberi.

177 2865 405 2933 proinde
440 2867 590 2935 quod
619 2868 677 2920 in
709 2870 980 2936 quoquest
1008 2864 1093 2918 his
1122 2867 1298 2920 visum
1331 2870 1595 2935 tempore,
1628 2868 1886 2920 verumst.

178 2946 236 2992 et
272 2940 318 2992 si
352 2958 459 2994 non
494 2943 701 3010 poterit
734 2943 879 2997 ratio
914 2942 1212 2997 dissolvere
1247 2958 1478 3008 eausam,
1817 2956 1902 3015 500·

178 3030 275 3068 cur
309 3031 376 3068 ea
408 3033 549 3083 quae
580 3018 786 3072 fuerint
819 3019 1015 3071 iuxtim
1055 3019 1340 3087 quadrata,
1378 3017 1565 3086 procul
1602 3017 1715 3070 sint

176 3088 295 3141 visa
328 3092 580 3158 rutunda,
614 3098 798 3146 tamen
834 3099 1082 3161 praestat
1117 3095 1346 3146 rationis
1379 3096 1635 3159 egentem

181 3162 418 3219 reddere
453 3167 713 3221 mendoso
747 3182 937 3224 causas
972 3170 1264 3239 utriusque
1298 3168 1521 3237 figurae,
