2259 3550
214 97 249 154 -1
260 96 339 154 88
1042 94 1140 151 VI

212 197 537 264 sudorisque
572 197 800 252 madens
836 213 937 263 per
968 197 1168 252 collum
1205 197 1525 267 splendidus
1557 213 1730 265 umor,

211 273 397 328 tenvia
430 275 594 340 sputa
626 272 857 341 minuta,
892 273 1037 328 croci
1072 277 1327 329 contacta
1359 273 1542 330 colore

212 351 477 419 salsaque,
512 365 613 418 per
644 349 831 404 fauces
864 367 1058 404 raucas
1094 351 1186 403 vix
1223 350 1377 406 edita
1411 351 1563 404 tussi.

210 429 271 482 in
303 428 553 481 manibus
588 444 719 481 vero
754 431 907 482 nervi
942 429 1166 484 trahere
1201 434 1261 484 et
1296 434 1536 484 tremere
1571 433 1724 483 artus
1837 441 1934 482 1100

211 522 245 560 a
276 504 619 574 pedibusque
654 505 970 560 minutatim
1008 507 1303 562 succedere
1337 507 1508 574 frigus

212 598 321 636 non
357 580 663 635 dubitabat.
696 582 832 635 item
868 581 939 635 ad
974 597 1291 652 supremum
1329 584 1566 652 denique
1601 587 1821 654 tempus

214 674 538 727 conpressae
573 675 751 726 nares,
784 659 903 712 nasi
938 659 1196 728 primoris
1229 677 1457 714 acumen

214 741 393 804 tenve,
428 735 605 790 cavati
638 735 793 801 oculi,
826 751 961 790 cava
991 739 1257 804 tempora,
1291 735 1491 804 frigida
1525 735 1686 807 pellis

214 811 479 881 duraque,
498 811 554 864 in
576 827 673 864 ore
694 811 873 866 trucei
900 811 1113 880 rictum,
1137 812 1291 867 frons
1313 815 1471 867 tenta
1493 811 1763 867 tumebat.
1831 825 1930 866 1105

214 907 314 945 1100
347 890 517 944 11111110
550 890 715 957 rigidi
748 893 875 960 post
910 891 1065 943 artus
1100 892 1283 944 morte
1314 888 1580 944 iacebant.

215 970 516 1035 octavoque
547 967 667 1021 fere
702 967 957 1020 candenti
992 966 1198 1020 lumine
1231 966 1362 1020 solis

216 1047 313 1098 aut
349 1043 517 1098 etiam
552 1060 695 1096 nona
728 1042 1039 1096 reddebant
1073 1042 1329 1113 lampade
1363 1043 1548 1097 vitam.

216 1135 449 1188 quorun
484 1118 654 1187 siquis
687 1119 798 1173 ibei
833 1117 1039 1172 vitarat
1069 1119 1265 1172 funera
1297 1118 1408 1185 leti,

215 1196 494 1251 ulceribus
526 1197 725 1250 taetris
760 1199 819 1251 et
850 1196 1010 1265 nigra
1044 1196 1292 1266 proluvie
1329 1197 1436 1250 alvi
1836 1209 1930 1250 12⁰⁰

214 1274 488 1344 posterius
522 1277 709 1328 tamen
743 1273 887 1328 1111110
922 1273 1082 1327 tabes
1115 1273 1399 1340 letumque
1433 1274 1707 1340 manebat,

214 1354 313 1404 aut
347 1351 514 1406 etiam
548 1351 755 1404 multus
790 1349 987 1420 capitis
1022 1366 1147 1403 cum
1182 1365 1348 1419 saepe
1382 1350 1573 1405 dolore

217 1430 507 1496 corruptus
544 1427 762 1495 sanguis
798 1426 1030 1496 expletis
1066 1426 1293 1479 naribus
1327 1425 1473 1482 ibat:

217 1503 323 1557 huc
356 1503 586 1557 hominis
621 1506 772 1557 totae
808 1503 951 1556 vires
985 1518 1292 1572 corpusque
1325 1502 1544 1557 fluebat.
1723 1565 1730 1571 ¹

217 1579 546 1649 profluvium
580 1595 747 1649 porro
782 1579 879 1646 qui
912 1578 1083 1632 taetri
1118 1577 1399 1646 sanguinis
1431 1595 1558 1632 acre
1837 1591 1929 1632 1206

219 1656 445 1723 exierat,
482 1658 667 1709 tamen
703 1655 759 1708 in
794 1671 991 1708 nervos
1024 1653 1151 1708 huic
1186 1654 1408 1708 morbus
1443 1658 1502 1708 et
1535 1657 1690 1710 artus

219 1733 336 1787 ibat
372 1735 430 1787 et
465 1732 521 1786 in
558 1731 732 1801 partis
766 1729 1021 1799 genitalis
1057 1730 1302 1801 corporis
1335 1730 1497 1799 ipsas.

219 1816 279 1865 ct
312 1808 559 1878 graviter
594 1808 797 1878 partim
832 1811 1146 1863 metuentes
1181 1808 1368 1861 limina
1403 1808 1500 1862 leti

219 1885 476 1941 vivebant
511 1884 659 1939 ferro
692 1884 893 1954 privati
927 1888 1087 1955 parte
1120 1885 1282 1955 virili,

220 1967 280 2017 et
314 1961 563 2017 manibus
599 1962 716 2016 sine
748 1962 991 2015 nonnulli
1026 1962 1374 2033 pedibusque
1410 1963 1708 2017 manebant
1838 1975 1929 2033 1219

220 2040 275 2093 in
310 2040 427 2093 vita
460 2043 660 2108 tamen,
696 2043 755 2094 et
786 2039 1097 2108 perdebant
1130 2039 1338 2094 lumina
1371 2040 1598 2108 partim:

220 2133 395 2186 usque
429 2116 569 2170 adeo
602 2117 796 2170 mortis
830 2120 1011 2168 metus
1044 2115 1130 2168 his
1165 2115 1466 2171 incesserat
1499 2131 1639 2169 acer.
1665 2110 1670 2114 ’

220 2197 389 2263 atque
424 2194 593 2247 etiam
630 2192 896 2261 quosdam
932 2209 1130 2263 cepere
1166 2192 1368 2247 oblivia
1401 2208 1586 2246 rerum

226 2273 554 2336 cunctarum,
589 2286 767 2338 neque
802 2285 862 2322 se
897 2272 1123 2339 possent
1159 2285 1482 2337 cognoscere
1515 2272 1579 2322 ut
1614 2267 1731 2334 ipsi.

222 2347 502 2415 multaque
516 2346 670 2399 humi
684 2362 804 2399 cum
822 2344 1103 2399 inhumata
1122 2346 1365 2399 iacerent
1380 2360 1609 2413 corpora
1625 2359 1788 2411 supra
1837 2357 1929 2398 1215

221 2421 554 2493 corporibus,
589 2425 776 2475 tamen
811 2422 1041 2477 alituum
1078 2439 1250 2490 genus
1287 2424 1454 2490 atque
1488 2420 1729 2474 ferarum

220 2503 318 2554 aut
350 2499 540 2567 procul
577 2497 879 2566 apsiliebat,
916 2503 980 2552 ut
1014 2514 1194 2552 acrem
1233 2498 1443 2551 exciret
1479 2496 1717 2563 odorem,

222 2579 334 2644 aut,
370 2575 464 2629 ubi
501 2577 765 2644 gustarat,
800 2575 1097 2642 languebat
1134 2579 1311 2628 morte
1347 2573 1668 2643 propinqua.

223 2670 324 2707 nec
358 2656 542 2707 tamen
579 2651 798 2705 omnino
833 2654 1044 2706 temere
1066 2652 1190 2704 -illis
1228 2650 1430 2704 solibus
1463 2648 1575 2702 ulla

222 2729 576 2799 comparebat
609 2727 740 2795 avis,
776 2744 877 2781 nec
914 2728 1101 2782 tristia
1137 2727 1314 2782 saecla
1348 2727 1587 2780 ferarum
1840 2738 1930 2779 1220

222 2807 480 2861 excibant
517 2805 678 2859 silviS.
716 2805 1051 2873 languebant
1083 2803 1346 2873 pleraque
1381 2802 1571 2857 morbo

224 2888 295 2939 etr
317 2883 704 2954 moriebantur.
742 2898 865 2935 cum
900 2882 1091 2951 primis
1128 2880 1242 2933 fida
1277 2896 1469 2934 canum
1505 2879 1587 2932 vis

224 2962 401 3014 strata
436 2960 535 3011 viis
570 2958 805 3011 animam
840 2958 1081 3026 ponebat
1117 2958 1175 3009 in
1211 2956 1462 3009 omnibus
1497 2972 1692 3022 aegre3

225 3033 591 3103 extorquebat
625 3034 767 3088 enim
804 3036 974 3087 vitam
1010 3036 1093 3087 vis
1126 3032 1382 3086 morbida
1416 3030 1688 3085 membris.

124 3126 207 3160 122⁶
225 3126 327 3163 nec
364 3109 505 3162 ratio
540 3110 751 3162 remedi
786 3111 1085 3167 communis
1120 3113 1276 3163 certa
1309 3108 1577 3175 dabatur3
1841 3122 1929 3165 1225

224 3202 350 3239 uam
386 3184 534 3253 quod
568 3184 641 3239 ali
676 3183 910 3239 dederat
945 3184 1127 3239 vitalis
1162 3186 1306 3239 aeris
1337 3201 1500 3239 auras
