2259 3550
244 111 357 168 130
1046 107 1106 161 V

236 229 413 280 causa,
451 213 649 267 darent
682 211 795 265 late
830 211 1041 265 cladem
1078 226 1412 280 magnasque
1447 210 1644 266 ruInas.

232 304 333 342 nec
368 287 581 341 ratione
616 286 723 341 alia
758 286 1019 339 mortales
1054 302 1177 340 esse
1213 285 1478 354 videmur,

232 365 379 418 inter
414 381 512 416 nos
548 364 649 416 nisi
685 363 835 431 quod
869 362 1076 416 morbis
1110 363 1480 430 aegrescimus
1513 361 1688 416 isdem

232 443 402 507 atque
438 440 515 492 illi
553 455 691 508 quos
727 455 761 492 a
796 438 912 492 vita
944 441 1142 492 natura
1175 438 1426 492 removit.
1860 454 1938 492 350

306 515 603 569 Praeterea
637 529 1011 583 quaecumque
1046 518 1271 567 manent
1307 518 1534 569 aeterna
1567 519 1851 570 necessust

234 595 345 658 aut,
384 591 513 660 quia
550 596 677 645 sunt
714 590 887 644 solido
922 605 1047 643 cum
1084 606 1328 658 corpore,
1364 607 1624 660 respuere
1659 591 1801 644 ictus

234 683 334 721 noc
367 670 663 735 penetrare
697 666 813 736 pati
848 666 952 719 sibi
987 665 1280 734 quicquam
1318 666 1468 734 quod
1501 670 1672 736 queat
1705 671 1855 720 artas

232 741 527 797 dissociare
562 742 713 796 intus
745 742 936 810 partis,
970 745 1035 796 ut
1070 741 1323 795 materiai

232 833 461 886 corpora
496 822 623 871 sunt
659 833 890 886 quorum
926 821 1180 870 naturam
1216 817 1559 873 ostendimus
1592 821 1738 887 ante,
1859 834 1934 874 355

232 896 330 948 aut
364 893 489 948 ideo
526 892 726 946 durare
760 896 1001 946 aetatem
1036 909 1196 962 posse
1230 909 1332 962 per
1367 909 1600 964 omnem,

230 969 515 1037 plagarum
552 969 683 1037 quia
718 978 845 1022 sunt
880 969 1145 1037 expertia,
1183 969 1326 1024 sicut
1359 970 1518 1024 inane
1554 975 1642 1026 est

233 1045 382 1113 quod
416 1048 602 1099 manet
636 1047 899 1099 intactum
935 1061 1115 1113 neque
1149 1045 1221 1098 ab
1255 1045 1370 1100 ictu
1403 1047 1652 1114 fungitur
1685 1048 1872 1117 hilum,

232 1124 329 1175 aut
364 1121 531 1174 etiam
569 1122 697 1188 quia
731 1121 878 1174 nulla
912 1121 1017 1174 loci
1050 1123 1117 1174 fit
1153 1121 1309 1188 copia
1342 1123 1561 1190 circum,

233 1213 343 1264 quo
376 1197 531 1265 quasi
566 1213 656 1250 rcs
692 1197 903 1265 possint
938 1197 1223 1250 discedere
1261 1197 1609 1267 dissoluique,
1857 1215 1933 1256 ³60

234 1272 376 1326 sicut
412 1289 746 1326 summarum
783 1289 993 1325 summa
1027 1278 1113 1326 cst
1150 1277 1376 1326 aeterna
1409 1291 1590 1343 neque
1625 1278 1784 1330 extra

235 1348 329 1415 qui
364 1347 513 1404 locus
549 1353 635 1403 est
671 1365 781 1417 quo
816 1347 1087 1401 dissiliant
1122 1365 1301 1417 neque
1338 1366 1567 1419 corpora
1603 1354 1732 1404 sunt
1755 1368 1897 1420 quae

236 1424 449 1492 possint
482 1424 722 1478 incidere
758 1427 817 1478 et
850 1423 1033 1479 valida
1068 1424 1366 1479 dissolvere
1401 1427 1574 1495 plaga.

234 1504 292 1553 at
329 1518 523 1569 neque,
567 1502 650 1555 uti
688 1501 860 1566 docui,
898 1501 1070 1553 solido
1104 1518 1229 1554 cum
1266 1517 1494 1570 corpore
1528 1503 1718 1556 muudi

232 1580 495 1644 naturast,
532 1577 784 1645 quoniam
820 1577 1180 1632 admixtumst
1213 1579 1271 1631 in
1306 1579 1471 1632 rebus
1505 1580 1681 1646 inane,
1858 1595 1930 1634 365

234 1669 335 1706 nec
370 1657 554 1706 tamen
592 1655 679 1706 est
713 1656 778 1705 ut
813 1653 985 1717 inane,
1020 1670 1199 1722 neque
1233 1658 1417 1708 autem
1452 1671 1680 1724 corpora
1713 1655 1929 1722 desunt,

234 1745 302 1783 cx
338 1728 550 1783 infinito
588 1745 727 1797 quac
762 1729 973 1797 possint
1007 1730 1150 1783 forte
1185 1733 1368 1785 coorta

230 1821 485 1859 corruere
520 1806 661 1858 hanc
696 1820 877 1858 rerum
913 1806 1153 1860 violento
1189 1806 1408 1861 turbine
1444 1824 1708 1861 sumniam

231 1885 327 1936 aut
362 1881 523 1934 aliam
559 1882 805 1949 quamvis
841 1882 1055 1935 cladem
1091 1883 1373 1951 inportare
1408 1883 1612 1952 pericli,

234 1974 331 2010 nec
366 1973 529 2026 porro
564 1962 759 2011 natura
793 1958 897 2011 loci
937 1959 1289 2028 spatiumque
1324 1959 1582 2029 profundi
1853 1975 1927 2014 370

230 2034 429 2097 deficit,
466 2035 719 2103 exspargi
758 2051 865 2102 quo
901 2035 1113 2102 possint
1148 2036 1364 2089 moenia
1397 2037 1602 2100 mundi,

229 2114 325 2163 aut
360 2108 464 2163 alia
497 2109 687 2179 quavis
724 2115 951 2177 possunt
987 2110 1039 2162 vi
1076 2111 1236 2179 pulsa
1269 2112 1464 2180 perire.

231 2185 365 2239 haut
398 2186 571 2252 igitur
605 2186 705 2239 lcti
742 2186 1029 2254 praeclusa
1064 2190 1152 2240 cst
1185 2186 1348 2240 ianua
1383 2188 1532 2241 caelo

230 2278 331 2315 nec
368 2261 465 2313 soli
502 2264 791 2329 terraeque
830 2278 1007 2330 neque
1042 2262 1170 2315 altis
1206 2264 1458 2331 aequoris
1494 2264 1668 2331 undis,

230 2337 331 2391 scd
366 2339 523 2404 patet
557 2337 778 2390 immani
816 2342 876 2391 et
910 2343 1066 2392 vasto
1100 2342 1379 2405 respectat
1414 2340 1582 2393 hiatu.
1856 2356 1929 2395 375

230 2430 399 2481 quare
434 2413 601 2467 etiam
638 2414 821 2467 nativa
856 2418 1198 2468 necessumst
1234 2416 1525 2469 confiteare

229 2488 364 2543 haec
400 2488 622 2554 eadem;
660 2506 839 2557 neque
876 2490 1034 2556 enim,
1071 2491 1290 2543 mortali
1327 2507 1555 2561 corpore
1589 2508 1734 2560 quae
1769 2495 1912 2560 sunt,

228 2581 297 2617 ox
332 2564 545 2618 infinito
579 2565 686 2617 iam
720 2568 971 2634 tempore
1005 2566 1184 2619 adhuc
1221 2568 1526 2634 potuissent

226 2640 453 2694 inmensi
489 2640 697 2694 validas
730 2642 848 2696 aevi
886 2645 1238 2696 contemnere
1276 2643 1434 2697 vires.

298 2715 549 2784 Denique
574 2719 862 2784 tantopere
886 2717 1031 2769 inter
1057 2734 1117 2770 se
1141 2736 1264 2771 cum
1287 2718 1526 2772 maxima
1547 2718 1738 2773 mundi
1856 2734 1929 2773 330

38 2696 490 2995 &ffugncnt
510 2792 768 2857 membra,
803 2793 896 2860 pio
930 2809 1273 2861 nequaquam
1307 2794 1518 2848 concita
1553 2794 1710 2861 bello,

228 2886 406 2922 nonno
442 2867 595 2921 vides
630 2868 867 2936 aliquam
904 2868 1051 2936 longi
1086 2870 1399 2923 certaminis
1435 2870 1556 2923 ollis

227 2961 387 3014 posse
421 2943 541 2997 dari
576 2944 776 2999 finem?
813 2944 897 2999 vel
934 2961 1057 2997 cum
1094 2945 1174 2998 sol
1210 2951 1268 2999 et
1303 2962 1472 3014 vapor
1507 2946 1684 2999 omnis

34 2918 267 3293 ρᾸΝ
228 3020 477 3073 omnibus
514 3020 692 3088 epotis
726 3019 1008 3075 umoribus
1042 3037 1280 3088 exsupe1
1281 3022 1450 3074 armt

229 3093 375 3161 quod
392 3093 571 3147 facere
584 3095 892 3162 intendunt,
909 3112 1089 3163 neque
1103 3094 1282 3149 adhuc
1297 3100 1490 3149 conata
1502 3100 1820 3164 patrantur:
1852 3112 1927 3155 385

122 3133 203 3224 'ff‘
227 3172 441 3223 tuntum
278 3168 864 3403 Wuppcditant
870 3186 1057 3223 amnes
1129 3169 1347 3237 ltraque
1381 3171 1660 3225 minantur

15 3184 521 3507 Υἶςνῃβ
606 3226 1089 3507 ww&
