2259 3550
199 127 272 184 22
1039 123 1072 178 Ι

193 233 253 283 at
287 244 470 282 rerum
505 243 645 296 quae
683 230 810 281 sunt
843 225 1155 315 primordia,
1191 227 1349 294 plura
1385 226 1649 281 adhibere

19 349 84 401 >m
173 306 422 377 possunt
455 304 604 357 unde
641 306 846 372 queant
879 303 1064 357 variae
1100 319 1191 358 res
1226 319 1475 372 quaeque
1510 305 1697 358 creari

89 365 165 446 M
184 397 217 432 ι
261 381 422 436 Nunc
456 383 515 434 et
552 381 914 448 Anaxagorae
951 384 1256 433 scrutemur
1291 380 1726 434 homoeomerian

20 488 66 515 s
74 476 189 515 „es
233 473 356 510 uam
394 455 523 511 Grai
561 460 865 510 memorant
902 472 1000 510 nec
1035 458 1225 509 nostra
1260 456 1442 510 dicere
1478 455 1667 524 lingua

34 539 146 559 '‘*w
152 546 176 557 ν
259 532 445 587 ncedit
479 531 636 585 nobis
669 532 836 601 patrii
871 532 1135 586 sermonis
1172 536 1402 600 egestas,

194 607 294 662 sed
328 612 512 662 tamen
551 607 726 676 ipsam
762 625 878 662 rem
915 609 1126 662 facilest
1164 625 1437 676 exponere
1470 607 1670 661 verbis.

193 684 472 753 principie,
509 701 696 738 rerum
729 701 894 750 quom
929 683 1064 738 dicit
1100 683 1551 751 homoeomerian,

20 798 122 823 rm
149 776 314 817 fossa
349 760 601 814 videlicet
636 777 668 814 e
702 759 955 829 pauxillis
987 763 1154 828 atque
1189 760 1413 813 minutis

122 830 404 890 “*ossibus
441 836 529 890 hic
564 840 622 892 et
658 835 732 889 de
765 835 1018 924 pauxillis
1054 840 1219 904 atque
1256 835 1480 889 minutis

109 967 113 974 ,
151 912 486 967 visceribus
520 913 698 967 viscus
732 912 883 980 gigni
919 929 1273 980 sanguenque
1308 911 1482 965 creari

191 989 465 1058 sanguinis
498 991 646 1043 inter
681 1003 742 1042 se
775 988 963 1041 multis
998 988 1303 1042 coeuntibu'
1342 986 1517 1056 guttis

191 1083 260 1119 cx
295 1066 522 1135 aurique
557 1068 718 1135 putat
753 1064 906 1118 micis
940 1065 1236 1118 consistere
1272 1080 1433 1133 posse

191 1159 384 1196 aurum
419 1147 477 1196 et
513 1142 585 1196 de
619 1141 785 1195 terris
821 1143 1025 1208 terram
1061 1156 1407 1194 concrescere
1441 1138 1638 1206 parvis,

104 1226 112 1234 '
192 1218 410 1286 ignibus
444 1235 513 1272 ex
547 1217 702 1286 ignis,
740 1232 986 1270 umorem
1022 1215 1304 1269 umoribus
1341 1231 1476 1282 esse,

189 1297 374 1348 cetera
407 1292 672 1348 consimili
706 1291 868 1360 fingit
902 1292 1114 1345 ratione
1151 1295 1436 1360 putatque.

36 1363 51 1395 '¹
77 1365 106 1399 ·
133 1386 161 1400 ⁹
139 1387 288 1444 nec
323 1375 508 1425 tamen
543 1386 662 1424 esse
697 1368 809 1422 ulla
843 1371 1003 1437 parte
1036 1367 1185 1420 idem
1220 1367 1276 1420 in
1313 1366 1475 1420 rebus
1510 1365 1673 1420 inane

85 1505 115 1522 2
143 1447 434 1507 concedit
467 1461 647 1514 neque
684 1444 1003 1512 corporibus
1039 1443 1204 1496 finem
1241 1459 1361 1496 esse
1396 1441 1659 1495 secandis,

27 1573 36 1582 ,
108 1516 361 1591 ‚jjquare
396 1523 453 1574 in
489 1525 726 1590 utraque
760 1519 892 1573 mihi
927 1519 1137 1587 pariter
1173 1519 1384 1572 ratione
1419 1517 1641 1571 videtur

105 1610 375 1668 ·‘errare
409 1601 578 1665 atque
615 1596 708 1662 illi,
745 1611 912 1664 supra
946 1611 1084 1663 quos
1121 1595 1358 1648 diximus
1394 1597 1537 1646 ante.

91 1701 96 1708 ·
142 1712 150 1720 .
167 1671 334 1727 adde
371 1674 518 1741 quod
553 1671 803 1726 inbecilla
837 1671 996 1725 nimis
1033 1670 1331 1740 primordia
1366 1670 1553 1736 fingit3

53 1809 60 1813 ,
91 1749 236 1823 J‘“'si
272 1749 572 1818 primordia
605 1750 744 1813 sunt,
782 1747 942 1800 simili
977 1763 1118 1815 quae
1152 1746 1405 1817 praedita
1438 1749 1692 1801 constant

29 1820 388 1885 ....-.{matura
423 1828 590 1893 atque
627 1824 775 1892 ipsae
812 1840 900 1876 res
939 1828 1066 1876 sunt
1103 1839 1387 1891 aequeque
1423 1821 1673 1876 laborant

73 1912 88 1922 *
133 1907 250 1961 aet
284 1906 521 1971 pei-eunt
555 1917 732 1969 neque
768 1900 838 1953 ab
875 1900 1041 1953 exitio
1078 1916 1167 1952 res
1201 1900 1312 1952 ulla
1346 1900 1598 1952 refrenat.

31 2006 48 2035 κ
149 1978 316 2039 ζ’ἶὴωη
352 1977 486 2047 quid
523 1976 578 2029 in
615 1992 879 2044 oppressu
915 1976 1095 2029 valido
1132 1975 1355 2028 durabit
1391 1991 1592 2040 eorum,

47 2076 140 2123 ..141
155 2058 253 2107 “ut
288 2057 522 2106 mortem
555 2052 798 2119 effugiat,
835 2051 935 2105 leti
971 2052 1072 2104 sub
1109 2050 1369 2104 dentibus
1403 2050 1570 2118 ipsis?

20 901 22 904 ’
49 858 144 934 ’.1ῖό-

1825 773 1897 811 835

91 2129 332 2197 -···*a·gnis
357 2146 424 2182 an
448 2145 605 2182 unior
628 2145 697 2181 an
723 2129 888 2181 aura?
926 2126 1058 2195 quid
1080 2128 1309 2181 horum?
1348 2142 1587 2193 sanguen
1612 2142 1681 2178 an
1706 2126 1873 2179 ossa?

191 2206 282 2273 nil,
319 2209 384 2259 ut
419 2206 620 2273 opinor,
659 2204 753 2257 ubi
788 2220 854 2258 ex
893 2220 1068 2272 aequo
1104 2221 1194 2257 res
1228 2202 1475 2256 funditus
1511 2202 1684 2255 omnis

189 2286 304 2336 tam
341 2281 583 2335 mortalis
619 2281 725 2334 erit
761 2296 924 2347 quam
961 2296 1101 2369 quac
1137 2280 1426 2333 manifesta
1459 2277 1705 2331 videmus

191 2375 259 2411 ex
297 2358 464 2412 oculis
499 2358 700 2411 nostris
735 2357 917 2423 aliqua
953 2358 1002 2409 vi
1041 2358 1183 2409 victa
1218 2357 1409 2423 perire.

1819 2291 1891 2329 865

56 2431 74 2453 “’
111 2465 130 2473 ν
193 2438 252 2488 at
287 2450 463 2502 neque
497 2433 772 2488 reccidere
807 2433 880 2486 ad
915 2434 1081 2486 nilum
1118 2450 1209 2485 res
1244 2448 1402 2500 posse
1436 2446 1616 2499 neque
1650 2433 1834 2483 autem

20 2501 141 2575 ιζ’
155 2507 434 2564 ‘crescere
469 2510 539 2563 de
576 2510 686 2563 nilo
721 2514 898 2564 testor
931 2526 1020 2562 les
1055 2513 1185 2563 ante
1221 2508 1490 2577 probatas.

101 2606 160 2658 g
192 2590 480 2655 praeterea
515 2586 765 2652 quoniam
802 2584 958 2638 cibus
991 2588 1157 2653 auget
1192 2601 1387 2653 corpus
1422 2584 1643 2651 alitque,

21 2686 38 2727 Α·
73 2681 147 2706 a·
115 2662 367 2766 {cire
364 2662 493 2715 licet
528 2660 684 2714 nobis
719 2676 884 2714 venas
920 2664 980 2714 et
1015 2677 1252 2728 sanguen
1290 2663 1349 2713 et
1382 2675 1505 2714 ossa

159 2814 304 2867 sive
339 2812 486 2867 cibos
520 2813 694 2866 omnis
729 2778 1023 2866 commixto
1059 2828 1283 2880 corpoie
1319 2812 1502 2865 dicent

37 2892 171 2955 ζ’;;,·,’.
189 2905 310 2943 esse
346 2892 404 2943 et
440 2888 642 2942 habere
678 2888 732 2942 in
771 2905 830 2942 se
866 2905 1155 2942 nervorum
1189 2904 1415 2957 corpora
1449 2902 1615 2956 parva

77 3019 150 3037 l
89 2972 182 2997 ’ὃ
148 2978 418 3035 Lossaquc
458 2969 515 3019 et
551 2966 768 3018 omnino
805 2982 968 3019 venas
1003 2965 1288 3033 partisque
1323 2963 1544 3025 cruoris,

29 3046 122 3099 ’σ’ςτ
188 3039 286 3093 fiet
320 3040 405 3093 uti
441 3039 592 3093 cibus
628 3041 818 3107 omnis,
855 3045 915 3095 et
950 3040 1139 3095 aridus
1178 3043 1234 3092 et
1270 3039 1448 3105 liquor
1481 3038 1615 3105 ipse,

40 3097 261 3172 ‘’Wex
295 3114 613 3183 alienigenis
648 3116 814 3169 rebus
850 3121 1104 3171 constare
1141 3118 1384 3184 putetur,

85 3182 160 3201 ⁴⁴²
191 3189 403 3244 ossibus
438 3193 498 3245 et
530 3190 713 3245 nervis
749 3193 1007 3261 sanieque
1042 3195 1101 3246 et
1138 3188 1396 3257 sanguine
1430 3187 1617 3241 mixto,

107 3290 123 3299 ιι
151 3288 208 3311 ΑΔ...

75 3342 82 3351 =
111 3334 214 3360 ῥίφω
236 3351 251 3359 ⁴
299 3326 457 3355 ‚uu-'0²⁹‘
487 3324 534 3347 *ι

200 3357 210 3389 Ι

19 3442 170 3517 μ

1819 2670 1893 2708 8oe
