2259 3550
1123 124 1182 179 V
1824 189 1830 194 ,
1883 127 1992 184 125

299 242 420 282 esse
452 226 619 282 deum
654 230 871 282 sanetas
904 228 960 282 in
994 227 1186 282 mundi
1221 229 1470 298 partibus
1504 231 1642 284 ullis,

300 302 480 357 tenvis
514 303 659 356 enim
692 306 892 358 natura
927 306 1091 359 deum
1125 304 1396 373 longeque
1429 314 1642 362 remota

300 378 548 433 sensibus
582 379 653 432 ab
688 379 889 434 nostris
921 381 1088 434 animi
1124 380 1213 434 vix
1248 385 1432 436 mente
1467 382 1718 448 videtui-3

297 471 439 522 quae
473 456 725 524 quoniam
762 473 1017 510 manuum
1053 460 1263 512 tactum
1299 458 1522 526 suffugit
1556 462 1615 513 et
1649 459 1833 528 ictum,
1925 477 1995 515 150

296 531 487 585 tactile
520 531 596 584 nil
632 532 786 585 nobis
820 532 967 601 quod
1004 533 1077 586 sit
1112 535 1432 600 contingere
1470 533 1657 597 debet.

298 611 527 676 tangere
562 609 705 662 enim
740 625 849 662 non
884 611 1003 676 quit
1038 609 1187 677 quod
1223 610 1374 678 tangi
1411 626 1517 662 non
1551 610 1683 665 lieet
1717 611 1910 680 ipsum.

220 685 223 688 ’
296 701 466 751 quare
500 684 666 738 etiam
704 684 865 738 sedes
901 701 1117 754 quoque
1152 687 1355 740 nostris
1389 685 1612 740 sedibus
1645 703 1766 740 esse

296 759 587 814 dissimiles
622 760 843 828 debent,
876 763 1073 815 tenues
1108 778 1211 816 eeu
1245 779 1474 832 corpora
1507 779 1728 828 eorum;

294 853 435 904 quae
469 835 571 890 tibi
605 837 881 906 posterius
914 837 1067 906 largo
1102 854 1352 892 sermone
1387 839 1643 908 probabo.
1922 857 1996 895 155

294 912 479 967 dicere
513 928 678 982 porro
712 912 991 967 hominum
1026 930 1190 968 eausa
1224 914 1458 969 voluisse
1491 932 1685 983 parare

294 988 629 1058 praeclaram
666 989 855 1044 mundi
890 994 1142 1044 naturam
1179 993 1579 1060 proptereaque

292 1065 637 1120 adlaudabile
673 1083 811 1135 opus
846 1066 1027 1120 divom
1064 1067 1291 1120 laudare
1327 1067 1524 1121 decere

292 1145 681 1211 aeternumque
718 1146 913 1211 putare
947 1145 1115 1210 atque
1150 1143 1436 1197 inmortale
1473 1145 1716 1198 futurum

290 1235 391 1272 nec
427 1218 509 1272 fas
545 1235 680 1286 esse,
717 1218 877 1272 deum
917 1219 1064 1287 quod
1102 1220 1174 1273 sit
1210 1221 1420 1273 ratione
1457 1223 1677 1274 vetusta
1923 1235 1994 1273 160

288 1294 547 1362 gentibus
585 1295 831 1348 humanis
868 1295 1158 1348 fundatum
1195 1298 1462 1363 perpetuo
1497 1312 1644 1360 aem,

290 1370 586 1424 sollicitare
624 1370 733 1423 suis
768 1371 879 1424 ulla
913 1371 965 1423 vi
1002 1387 1069 1424 ex
1108 1370 1330 1423 sedibus
1365 1387 1621 1439 umquam

288 1463 389 1500 nee
426 1445 607 1500 verbis
644 1462 844 1500 vexare
880 1449 939 1500 et
973 1445 1043 1499 ab
1078 1447 1188 1498 imo
1225 1450 1474 1500 evertere
1511 1463 1734 1510 summa,

290 1525 476 1576 cetera
510 1522 583 1576 de
618 1537 821 1591 genere
858 1522 959 1575 hoe
993 1521 1273 1590 adfingere
1310 1525 1368 1576 et
1406 1522 1626 1586 addere,
1668 1522 1912 1590 Memmi,
1951 1559 1956 1564 -

292 1598 610 1668 desiperest.
648 1599 784 1669 quid
820 1599 965 1652 enim
1001 1598 1381 1652 inmortalibus
1418 1602 1584 1665 atque
1618 1598 1797 1652 beatis
1850 1598 1867 1614 ³
1919 1615 1990 1652 165

286 1675 465 1744 gratia
501 1678 691 1728 nostra
725 1679 891 1744 queat
924 1674 1178 1742 largirier
1213 1675 1580 1742 emolumenti,

287 1754 350 1808 ut
385 1754 574 1806 nostra
610 1752 895 1820 quiequam
934 1768 1095 1805 causa
1128 1767 1324 1819 gerere
1359 1751 1786 1820 adgrediamur?

286 1828 486 1895 quidve
522 1828 646 1882 novi
681 1829 864 1896 potuit
898 1834 1053 1883 tanto
1089 1833 1216 1895 post
1251 1833 1378 1882 ante
1419 1830 1634 1897 quietos

285 1903 507 1958 inlicere
540 1908 604 1957 ut
637 1911 904 1973 cuperent
940 1905 1106 1957 vitam
1145 1908 1359 1959 mutare
1395 1906 1666 1973 priorem?

198 1988 263 2021 ²⁷⁶
286 1983 359 2047 at,
396 1980 577 2043 cred0‚
611 1980 669 2033 in
701 1978 947 2033 tenebris
982 1980 1098 2033 vita
1132 1996 1196 2033 ac
1234 1997 1478 2033 maerore
1515 1980 1744 2048 iacebat,
1917 1996 1988 2035 170

288 2054 461 2109 donee
501 2056 698 2109 diluxit
735 2071 919 2109 rerum
955 2056 1209 2122 genitalis
1245 2057 1411 2122 origo,

200 2143 265 2177 1⁷⁰
288 2147 412 2184 nam
448 2131 691 2199 gaudere
726 2132 876 2184 novis
913 2131 1079 2184 rebus
1116 2130 1320 2184 debere
1358 2131 1580 2185 videtur

285 2207 372 2259 cui
404 2210 620 2261 veteres
656 2207 883 2268 obsunt;
921 2206 1017 2258 sed
1056 2208 1143 2260 cui
1177 2206 1252 2259 nil
1287 2206 1489 2259 accidit
1523 2208 1676 2275 aegri

283 2286 531 2351 tempore
569 2283 623 2335 in
660 2286 927 2349 anteaetQ
964 2299 1085 2335 cum
1120 2282 1350 2351 pulchre
1387 2282 1615 2349 degeret
1647 2300 1854 2353 aevom,

283 2358 420 2427 quid
451 2359 637 2428 'potuit
670 2358 928 2412 novitatis
964 2374 1205 2411 amorem
1241 2358 1538 2412 accendere
1575 2360 1706 2414 tali?
1913 2376 1984 2413 175

194 2452 258 2485 174
282 2433 482 2501 quidve
518 2436 646 2488 mali
682 2435 863 2489 fuerat
898 2433 1054 2487 nobis
1087 2451 1198 2488 non
1234 2450 1356 2489 esse
1392 2436 1622 2489 creatis?

193 2518 258 2553 ²⁷⁷
279 2513 439 2564 natus
476 2511 619 2565 enim
655 2510 823 2565 debet
858 2510 1186 2579 quicumque
1222 2514 1310 2565 est
1343 2511 1483 2565 velle
1517 2528 1740 2565 manere

278 2585 333 2638 in
368 2586 495 2653 vita,
534 2586 705 2641 donec
741 2585 1005 2641 retinebit
1041 2586 1240 2640 blanda
1274 2587 1538 2656 voluptas,

278 2662 371 2731 qui
406 2680 699 2731 numquam
735 2678 865 2717 vero
900 2664 1045 2717 vitae
1079 2663 1322 2731 gustavit
1357 2680 1598 2717 amorem

277 2754 377 2792 nec
400 2740 503 2794 fuit
528 2740 584 2792 in
608 2756 849 2807 numer0,
877 2740 1010 2808 quid
1035 2739 1195 2794 obest
1217 2756 1323 2793 non
1349 2756 1468 2793 esse
1493 2741 1774 2793 creatum?
1913 2753 1984 2792 180

277 2815 585 2885 exemplum
621 2832 783 2885 porro
818 2814 1110 2884 gignundis
1146 2815 1310 2869 rebus
1345 2821 1404 2869 et
1436 2816 1556 2884 ipsa

276 2890 499 2946 notities
534 2892 675 2946 divis
708 2892 987 2945 hominum
1020 2892 1168 2946 unde
1203 2895 1290 2946 est
1323 2892 1488 2944 insita
1521 2892 1774 2960 primum,

278 2966 412 3033 quid
446 2968 649 3022 vellent
684 2969 863 3021 faeere
898 2972 961 3021 ut
999 2968 1202 3022 scirent
1236 2968 1524 3035 animoque
1559 2968 1828 3033 viderent,

276 3059 452 3111 quove
486 3045 703 3099 modost
739 3061 995 3113 umquam
1030 3045 1110 3097 vis
1146 3044 1366 3112 cognita
1397 3043 1788 3113 principiorum

274 3119 515 3187 quidque
549 3120 696 3175 inter
729 3138 848 3175 sese
882 3123 1198 3190 permutato
1231 3119 1422 3173 ordine
1456 3123 1695 3188 possent,
1912 3135 1981 3171 125

275 3194 319 3247 si
356 3211 461 3248 non
496 3196 615 3265 ipsa
650 3196 807 3251 dedit
842 3196 1114 3265 specimen
1152 3200 1350 3249 natura
1385 3193 1637 3250 creandi?
