2259 3550
1021 139 1096 180 111

192 279 464 329 deducere
497 279 703 342 scripsi.
779 277 1157 326 Lachmannus
1190 286 1387 339 parum
1414 273 1704 326 numerose
1726 289 1909 340 quan-

195 362 321 411 tum
343 363 420 411 cst
445 357 510 410 in
534 373 589 411 sc
613 357 878 410 deorsum
901 357 1117 411 ducere.

297 447 400 496 210
472 440 848 494 Lachmannus
881 457 1104 494 summo
1137 440 1393 507 addidit-,3
1442 440 1641 494 melius
1673 441 1909 509 Ber-nay-

193 528 307 582 sius
343 525 496 582 caeli.
531 527 597 580 cf.
637 526 748 581 Cic.
780 527 937 580 Arat.
961 529 1062 585 297
1091 525 1181 581 ed.
1224 527 1383 580 Buhl.
1412 543 1635 581 summo
1674 527 1815 582 caeli
1842 528 1909 582 de

193 615 410 668 vcrtz‘oe.
1063 599 1070 604 ⁶
1814 629 1816 631 ¹

297 705 400 754 249
454 716 580 754 cum
603 698 882 755 veteribus
916 705 1065 753 recta
1088 699 1294 752 addidi.
1327 699 1705 754 Lachmannus
1732 700 1905 754 nulla.

193 787 442 838 ceterum
475 791 628 839 recta
651 785 881 853 regione
909 785 998 840 hic
1033 784 1233 839 Latine
1258 785 1365 838 dici
1400 801 1511 838 non
1548 802 1710 854 posse
1744 802 1910 854 aegre

193 869 328 923 mihi
367 869 667 938 persuadet
703 870 788 924 vir
825 869 1099 938 egregius.
1136 869 1202 923 cf.
1240 869 1358 924 Liv.
1383 885 1483 924 m
1508 876 1571 925 31
1601 887 1723 924 non
1757 877 1908 923 recta

194 959 422 1026 reqione
444 957 558 1011 iter
582 957 855 1024 instituit,
879 959 976 1012 sed
995 957 1076 1010 ad
1095 957 1312 1010 laet-am
1330 993 1345 1008 .
1364 998 1376 1010 .
1392 956 1600 1023 ‚flexit

299 1049 402 1098 250
471 1059 572 1114 pro
625 1054 758 1094 SESE
803 1043 996 1112 scripsi
1049 1043 1116 1095 de
1172 1058 1239 1096 se.
1287 1040 1669 1096 Lachmannus
1715 1044 1907 1096 contra

191 1134 439 1196 praestet
461 1144 563 1198 pro
588 1139 798 1182 Possrr.

299 1221 401 1268 252
471 1218 600 1284 post
647 1216 914 1270 exoritur
951 1229 1076 1268 cum
1118 1211 1402 1266 veteribus
1441 1227 1663 1280 semper
1702 1211 1906 1266 addidi.

196 1301 574 1356 Lachmannus
597 1319 706 1357 non
727 1301 869 1356 bene
893 1305 1079 1353 exacto
1104 1297 1384 1352 exoritur.

297 1391 398 1447 267
471 1393 750 1444 corrector
783 1387 1003 1455 oblongi
1027 1386 1086 1439 et
1122 1383 1242 1438 Nic.
1280 1383 1352 1438 de
1388 1383 1440 1437 N
1442 1383 1594 1438 icolis
1621 1382 1905 1450 conquiri.

195 1473 552 1529 membranae
577 1479 637 1530 et
662 1474 1046 1530 Lachmannus
1070 1480 1331 1524 CONCIRI.

306 1567 404 1617 291
479 1564 606 1630 post
630 1561 799 1630 quasi
821 1559 1015 1613 addidi
1037 1559 1139 1612 hoc
1151 1577 1178 1623 ;
1218 1557 1597 1612 Lachmannus
1620 1553 1700 1609 id.

299 1653 402 1702 305
475 1654 640 1700 extra
669 1645 880 1700 excidit
913 1646 1039 1714 post
1075 1649 1168 1698 est.
1240 1642 1619 1696 Lachmannus
1654 1655 1905 1694 scorsum

194 1733 249 1787 in
281 1732 388 1787 fine
434 1747 627 1786 versus
662 1729 864 1801 posuit.
905 1729 972 1785 cf.
1008 1747 1044 1783 v
1077 1734 1175 1784 361
1214 1730 1273 1783 et
1308 1741 1332 1782 1
1367 1731 1485 1794 963,
1526 1728 1585 1781 et
1619 1741 1741 1779 ann.
1775 1723 1902 1793 phil.

197 1819 353 1874 Cant.
377 1835 401 1873 1
425 1836 481 1888 p.
510 1820 628 1876 375.

297 1908 400 1959 342
470 1921 572 1975 pro
595 1915 900 1957 PRAETERE
925 1901 1118 1971 scripsi
1148 1904 1409 1971 praestat
1430 1914 1568 1965 rem,
1593 1896 1695 1951 hoc
1719 1900 1821 1961 est,
1845 1895 1905 1951 id

196 1991 344 2061 quod
377 1991 499 2045 dico
531 2006 724 2045 verum
759 2004 880 2043 csse
913 1988 1217 2042 confirmat.
1286 1983 1665 2039 Lachmannus
1696 1987 1905 2049 parta-

195 2078 385 2145 rium,
413 2076 563 2147 quod
586 2075 908 2143 intellegere
931 2088 1161 2141 nequeo,

299 2170 399 2218 359
469 2178 572 2231 pro
622 2171 946 2212 AnsmENs
993 2157 1124 2212 dedi
1171 2156 1454 2211 absistens.
1526 2151 1907 2212 Lachmannus

195 2252 504 2307 adsiduas·

298 2344 400 2393 363
470 2353 572 2407 pro
609 2346 871 2388 SUBITAM
910 2332 1100 2402 scripsi
1150 2336 1455 2400 sumptam.
1526 2326 1907 2383 Lachmannus

193 2424 421 2479 solitam
433 2442 458 2489 ;
494 2422 596 2477 sed
616 2436 811 2476 vaccae
835 2437 966 2474 cura
989 2420 1177 2487 potius
1202 2416 1434 2472 insolita
1457 2417 1557 2470 est.

299 2512 415 2567 387.
489 2510 550 2562 ot
580 2508 668 2561 hic
699 2509 760 2561 et
786 2520 847 2559 vl
871 2510 971 2560 909
1005 2520 1104 2573 pro
1141 2512 1329 2554 0131*th
1354 2499 1735 2554 Lachmannus
1760 2502 1907 2551 ortu-

297 2598 400 2647 428
468 2592 596 2645 huic
643 2588 827 2644 versui
875 2588 1102 2656 quique,
1152 2586 1256 2639 hoc
1304 2587 1391 2639 est
1439 2584 1657 2653 ang-elli,
1698 2578 1907 2635 addidi.

197 2676 576 2732 Lachmannus
600 2688 860 2742 quaeque.
935 2675 1228 2739 praeterea
1250 2670 1309 2723 in
1332 2668 1597 2737 proximO,
1622 2665 1907 2733 flagitante

195 2762 456 2818 orationis
485 2763 776 2825 structura,
805 2758 1031 2826 possint
1069 2756 1262 2824 scripsi
1301 2770 1425 2808 cum
1466 2752 1714 2819 oblongO,
1747 2748 1907 2803 Italis

195 2854 256 2906 et
291 2851 480 2905 codice
539 2846 879 2916 Sangallensi
923 2845 1255 2899 scholiorum
1297 2842 1356 2895 in
1393 2840 1728 2905 Iuvenalem,
1766 2840 1833 2891 ut
1874 2852 1908 2890 a

201 2936 527 2990 Lachmanni
552 2950 741 2989 comm
766 2950 822 3002 p.
847 2937 950 2986 298
975 2930 1163 2985 didici.
1236 2928 1285 2981 is
1301 2932 1558 2995 possunt.

298 3028 402 3077 438
475 3020 856 3075 Lachmannus
894 3017 1029 3072 mihi
1066 3015 1183 3070 falli
1222 3014 1443 3067 videtur
1478 3012 1771 3081 quicuque
1805 3025 1907 3078 pro

197 3122 319 3164 AUT
349 3109 488 3179 legit
516 3111 576 3163 et
603 3107 733 3161 hinc
766 3122 962 3160 novam
1000 3103 1195 3171 incipit
1226 3100 1573 3155 sententiam.
1644 3102 1745 3155 439
1780 3113 1907 3153 cum

197 3197 269 3253 cd
294 3197 440 3252 Iunt.
476 3212 582 3267 quc
607 3197 698 3264 (q.)
723 3197 849 3264 post
873 3190 1234 3259 confundunt
1256 3186 1461 3243 addidi.
