2259 3550
234 112 345 169 114
1008 109 1156 167 1111

226 219 397 274 totius
432 235 677 272 umorem
714 222 987 272 saccatum
1024 218 1253 288 eorpori’
1287 219 1542 287 fundunt,

224 308 349 348 cum
386 293 715 362 Babylonica
748 294 1033 361 magnifiee
1070 295 1362 362 splendore
1397 295 1661 363 rigantur.

225 374 343 423 tum
378 370 575 438 quibus
610 370 809 424 aetatis
844 370 989 423 freta
1024 371 1278 439 primitus
1314 372 1621 425 insinuatur
1828 383 1928 427 10³0

226 463 425 514 semen,
464 446 558 500 ubi
594 447 713 516 ipsa
748 446 866 500 dies
902 446 1162 500 membris
1198 451 1416 502 matura
1451 449 1671 516 creavit,

224 523 551 576 conveniunt
589 522 877 577 simulacra
913 524 1045 576 foris
1080 541 1113 578 e
1149 541 1378 594 corpore
1416 541 1634 594 queque

158 649 169 657 ,
224 600 416 652 nuntia
450 600 712 668 praeclari
753 601 932 653 voltus
968 600 1290 670 pulchrique
1325 601 1534 669 eoloris,

224 675 317 742 qui
352 675 461 729 ciet
496 677 729 730 inritans
766 675 882 730 loca
920 677 1144 744 turgida
1179 678 1386 732 semine
1423 678 1611 746 multo,

222 755 286 805 ut
309 753 465 821 quasi
490 754 781 807 transactis
807 770 971 822 saepe
996 753 1232 807 omnibu’
1259 754 1410 808 rebu'
1439 755 1777 824 profundant
1833 768 1928 810 103⁵

120 826 258 958 y
335 829 457 882 linis
493 830 732 898 ingentis
769 831 967 884 fluct-us
1003 833 1325 899 vestemque
1361 835 1665 886 cruentent.

13 845 631 1126 ffiouieimur
667 907 727 960 id
764 909 827 959 ’ιή
866 907 1035 972 nobis,
1072 907 1220 996 quod
1258 907 1496 961 diximus
1532 911 1675 974 ante,

26 1027 41 1044 ,
223 997 423 1048 semen,
460 982 649 1036 adulta
685 988 839 1037 aetas
876 1001 999 1037 eum
1036 1000 1275 1052 prlmum
1314 984 1539 1037 roborat
1573 988 1740 1037 artus.

104 1025 455 1186 fiamque
490 1059 625 1112 alias
661 1059 809 1112 aliud
845 1076 933 1112 res
971 1063 1276 1113 commovet
1311 1063 1480 1128 atque
1517 1059 1765 1125 lacessit3

222 1152 291 1189 ox
315 1133 535 1188 homine
558 1135 853 1189 humanum
878 1152 1063 1190 semen
1100 1136 1210 1189 ciet
1236 1151 1344 1188 una
1367 1136 1599 1189 hominis
1624 1137 1719 1190 vis.
1833 1147 1932 1192 1040

18 1180 126 1300 [xz
222 1211 372 1280 quod
406 1210 566 1264 simul
602 1216 768 1282 atque
804 1211 916 1264 suis
950 1212 1188 1265 eiectum
1226 1211 1449 1265 sedibus
1487 1213 1619 1277 exit,

16 1299 97 1402 χῤ

24 2450 219 2742 353

32 2673 191 3030 §35³

221 1303 322 1357 per
354 1287 600 1341 membra
635 1293 801 1357 atque
836 1292 989 1342 artus
1026 1288 1250 1341 decedit
1287 1305 1514 1356 corpore
1549 1290 1670 1342 toto

222 1365 279 1416 in
314 1364 432 1418 loca
466 1365 791 1418 conveniens
829 1381 1118 1418 nervorum
1157 1369 1310 1418 certa
1345 1366 1564 1432 cietque

222 1441 478 1495 continuo
512 1441 685 1509 partis
720 1440 975 1508 genitalis
1010 1441 1252 1508 eorporis
1288 1441 1449 1508 ipsas

223 1516 450 1570 inritata
487 1520 704 1569 tument
740 1517 857 1570 loca
894 1517 1100 1571 semine
1137 1517 1312 1586 fitque
1349 1516 1600 1570 voluntas
1833 1527 1930 1566 1045

223 1592 402 1645 eicere
438 1592 497 1645 id
535 1609 642 1660 quo
681 1609 739 1645 se
776 1592 1063 1646 contendit
1101 1591 1224 1646 dira
1260 1591 1464 1657 lubido,

221 1667 391 1736 idque
427 1668 573 1736 petit
608 1684 820 1735 corpus,
857 1685 1011 1721 mens
1048 1667 1196 1722 unde
1231 1672 1319 1722 est
1355 1669 1540 1721 saucia
1574 1683 1774 1721 amore.

224 1761 459 1813 namque
494 1761 683 1799 omnes
718 1744 1041 1814 plerumque
1078 1745 1285 1800 eadunt
1321 1745 1378 1799 in
1413 1745 1610 1799 vulnus
1645 1747 1705 1799 et
1737 1743 1887 1798 illam

225 1823 421 1876 emieat
456 1822 511 1874 in
548 1825 762 1891 partem
799 1822 1016 1889 sanguis
1051 1821 1201 1875 unde
1234 1822 1429 1876 icimur
1465 1823 1593 1890 ictu,
1835 1834 1930 1874 1050

226 1903 284 1951 et
321 1900 365 1951 si
400 1899 698 1951 comminus
735 1902 835 1963 est,
874 1898 1085 1951 hostem
1122 1899 1291 1952 ruber
1325 1902 1558 1967 occupat
1591 1914 1763 1951 umor.

225 1975 303 2029 sic
336 1974 507 2043 igitur
547 1974 779 2028 Veneris
815 1975 907 2043 qui
944 1976 1071 2028 telis
1108 1975 1304 2043 accipit
1340 1975 1498 2041 ictus,

226 2053 341 2105 sive
375 2068 513 2120 puer
548 2052 808 2104 membris
844 2052 1201 2105 muliebribus
1237 2052 1384 2105 hune
1418 2051 1692 2105 iaculatur

226 2145 322 2182 seu
359 2128 553 2181 mulier
588 2132 709 2181 toto
745 2128 954 2180 iactans
990 2145 1021 2180 e
1058 2143 1286 2195 corpore
1323 2144 1582 2192 amorem,

225 2204 373 2257 unde
408 2205 619 2270 feritur,
658 2220 723 2256 co
759 2202 941 2256 tendit
975 2204 1254 2272 gestitque
1291 2202 1436 2256 coire
1833 2216 1930 2255 1⁰55

226 2285 285 2334 et
320 2280 499 2335 iacere
536 2297 781 2334 umorem
817 2280 872 2333 in
909 2296 1106 2348 corpus
1145 2280 1213 2334 de
1249 2296 1478 2348 corpore
1515 2280 1758 2333 ductum.

226 2374 461 2426 namque
496 2358 832 2425 voluptatem
867 2357 1145 2425 praesagit
1179 2359 1334 2409 muta
1367 2355 1581 2424 cupido.
1781 2352 1790 2357 '

300 2436 452 2489 llaec
475 2434 661 2488 Venus
687 2438 772 2487 est
796 2433 983 2498 nobis;
1008 2433 1132 2485 hinc
1159 2434 1396 2486 autemst
1421 2447 1616 2483 nomen
1643 2428 1860 2496 amoris,

226 2510 351 2564 hinc
384 2510 538 2564 illaec
574 2513 810 2580 primum
847 2510 1080 2563 Veneris
1116 2508 1421 2562 dulcedinis
1456 2507 1511 2560 in
1549 2522 1644 2560 eor

228 2587 453 2640 stillavit
487 2592 649 2654 gutta
686 2592 743 2639 et
780 2587 1039 2640 succezsit
1074 2585 1277 2653 frigida
1312 2601 1456 2638 cura.
1836 2594 1933 2634 1060

227 2680 353 2715 nam
380 2664 422 2716 si
450 2664 605 2716 abest
631 2664 778 2731 quod
802 2679 944 2729 τινος,
970 2666 1191 2730 praesto
1217 2660 1500 2714 simulacra
1526 2660 1713 2711 tamen
1737 2657 1866 2711 sunt

228 2740 373 2792 illius
410 2743 467 2792 et
502 2756 698 2792 nomen
736 2739 894 2792 dulce
931 2739 1254 2793 obversatur
1289 2736 1361 2789 ad
1395 2736 1557 2789 auris.

231 2816 329 2869 sed
364 2816 605 2884 fugitare
642 2816 802 2870 decet
839 2815 1128 2869 simulacra
1167 2818 1224 2868 et
1259 2813 1458 2883 pabula
1494 2810 1694 2865 amoris

230 2893 543 2947 absterrere
578 2892 681 2947 sibi
718 2898 885 2961 atque
920 2892 1025 2945 alio
1061 2896 1384 2945 convertere
1419 2890 1661 2941 mentem

231 2974 290 3021 et
325 2970 503 3023 iacere
538 2986 784 3023 umorem
820 2967 1125 3021 conlectum
1163 2967 1220 3019 in
1257 2981 1488 3034 corpora
1523 2976 1773 3032 quaeque
1837 2970 1931 3011 1065

230 3062 331 3099 nee
367 3047 620 3113 retinere,
655 3045 820 3099 semel
858 3060 1175 3098 conversum
1214 3041 1376 3095 unius
1409 3054 1606 3101 amore,

232 3124 290 3173 et
326 3138 543 3175 servare
579 3122 681 3175 sibi
716 3138 900 3176 euram
940 3124 1262 3185 certumque
1299 3116 1555 3170 dolorem.

230 3196 382 3249 uleus
418 3198 563 3250 enim
599 3197 825 3251 vivescit
862 3199 919 3249 et
956 3194 1304 3249 inveterascit
1342 3189 1538 3245 alendo
