2259 3550
207 112 317 170 162
1002 113 1099 170 VI

198 215 399 282 ignem,
436 215 691 271 continuo
714 223 781 270 ut
815 233 1013 285 magno
1048 219 1287 274 clamore
1321 219 1594 287 trucidet;

198 294 265 345 ut
298 289 489 345 calidis
522 292 765 346 candens
797 293 1005 346 ferrum
1042 311 1075 348 e
1107 293 1422 350 fornacibus
1458 298 1589 351 olim

202 367 403 436 stridit,
439 366 535 420 ubi
568 367 626 420 in
660 367 905 436 gelidum
940 386 1177 439 propere
1214 370 1576 426 demersimus
1609 373 1865 428 imbrem.

198 443 401 497 aridior
434 459 601 513 porro
636 444 682 497 si
716 443 889 499 nubes
926 445 1126 514 accipit
1159 440 1356 515 ignem,
1837 464 1912 504 ιω

196 519 377 574 uritur
410 520 618 588 ingenti
654 521 837 574 sonitu
872 538 1129 576 succensa
1163 529 1426 592 repente3

196 593 521 650 lauricomos
554 601 620 651 ut
654 597 699 650 si
734 613 837 667 per
870 597 1073 652 montis
1106 597 1327 654 flamma
1359 605 1593 669 vagetur

196 671 420 726 turbine
454 676 740 726 ventorum
776 672 1099 728 comburens
1135 673 1340 744 impete
1374 693 1604 745 magn03

196 761 299 802 nec
332 759 423 803 res
457 749 569 803 ulla
602 750 778 816 magis
813 765 976 818 quam
1014 748 1222 803 Phoebi
1263 750 1528 822 Delphica
1559 753 1751 808 laurus

195 823 429 878 terribili
466 826 645 879 sonitu
679 825 896 878 flamma.
930 825 1236 894 crepitante
1271 831 1559 882 crematur.
1835 843 1908 884 155

200 897 435 968 denique
470 917 635 971 saepe
666 901 777 970 geli
812 901 1016 955 multus
1050 902 1239 969 fragor
1276 906 1444 972 atque
1477 905 1640 958 ruina

198 977 477 1042 grandinis
512 977 571 1031 in
604 977 816 1044 magnis
851 978 1088 1031 sonitum
1124 978 1224 1032 dat
1259 979 1497 1033 nubibus
1529 981 1656 1035 altc.

197 1056 391 1107 ventus
426 1054 571 1108 enim
606 1070 730 1108 cum
766 1054 1044 1121 confercit,
1079 1054 1423 1124 franguntur,
1457 1056 1515 1108 in
1551 1060 1752 1124 artum,

198 1129 435 1184 concreti
470 1133 685 1183 montes
719 1129 1026 1183 nimborum
1062 1132 1122 1183 et
1155 1129 1423 1197 grandine
1457 1131 1630 1186 mixti.

268 1203 456 1274 Fulgit
488 1206 640 1275 item,
672 1205 846 1259 nubes
879 1205 1021 1274 ignis
1054 1222 1180 1259 cum
1216 1206 1425 1260 semina
1456 1207 1632 1261 multa
1830 1224 1902 1264 ιω

198 1295 480 1335 excussere
515 1299 613 1336 suo
650 1298 942 1347 concursu3
978 1298 1081 1336 ceu
1114 1281 1354 1350 lapidem
1389 1282 1437 1336 si

196 1358 467 1425 percutiat
501 1358 639 1428 lapis
672 1361 769 1412 aut
802 1358 1038 1422 ferrum3
1074 1374 1199 1410 nam
1237 1359 1356 1410 tum
1392 1374 1612 1427 quoque
1644 1360 1825 1414 lumen

196 1433 351 1488 exilit
386 1437 444 1488 et
477 1434 650 1488 claras
685 1433 943 1488 scintillas
978 1432 1212 1502 dissipat
1247 1433 1404 1501 ignis.

196 1509 295 1564 sed
328 1511 591 1565 tonitrum
626 1510 691 1564 fit
724 1509 809 1564 uti
842 1513 969 1576 post
1002 1508 1227 1563 auribus
1261 1509 1600 1578 accipiamus,

194 1586 403 1655 fulgere
436 1603 599 1656 quam
639 1590 865 1640 cernant
900 1585 1057 1652 oculi,
1094 1584 1224 1653 quia
1258 1602 1477 1655 semper
1509 1587 1584 1640 ad
1618 1588 1768 1641 auris
1825 1601 1896 1642 165

192 1662 404 1716 tardius
438 1663 736 1717 adveniunt
771 1679 933 1733 quam
968 1662 1145 1716 visum
1179 1677 1321 1730 quae
1353 1666 1608 1718 moveant
1640 1679 1750 1718 res.

193 1737 253 1793 id
287 1739 415 1795 licet
448 1737 574 1793 hinc
608 1738 773 1793 etiam
807 1754 1144 1807 cognoscere.
1179 1738 1409 1793 caedere
1445 1739 1492 1793 si
1525 1755 1689 1807 quem

192 1814 416 1885 ancipiti
441 1815 639 1869 .videas
672 1815 819 1869 ferro
852 1814 1044 1884 procul
1078 1814 1290 1868 arboris
1325 1819 1563 1884 auctum,

191 1895 321 1946 ante
354 1891 420 1946 fit
453 1894 517 1945 ut
550 1906 743 1945 cernas
776 1891 947 1945 ictum
984 1906 1148 1959 quam
1182 1889 1346 1959 plaga
1380 1907 1482 1960 per
1517 1892 1664 1945 auris

192 1967 291 2023 det
324 1968 574 2023 sonitum.
612 1968 690 2022 sic
723 1968 990 2037 fulgorem
1023 1982 1243 2035 quoque
1277 1967 1547 2022 cernimus
1579 1972 1710 2023 ante
1825 1982 1898 2025 m

191 2060 354 2113 quam
388 2043 654 2099 tonitrum
692 2044 1002 2111 accipimu8‚
1039 2041 1252 2112 pariter
1283 2042 1378 2109 qui
1413 2042 1655 2098 mittitur
1687 2044 1804 2113 igni

189 2136 227 2174 e
260 2121 419 2175 simili
455 2137 633 2187 causa,
669 2135 933 2174 concursu
966 2122 1128 2171 natus
1164 2118 1375 2172 eodem.

265 2197 385 2251 Hoc
420 2197 589 2251 etiam
623 2200 787 2266 pacto
824 2194 1029 2249 volucri
1066 2193 1185 2247 loca
1218 2193 1420 2248 lumine
1453 2192 1678 2263 tingunt

189 2271 364 2327 nubes
398 2276 458 2327 et
492 2273 725 2327 tremulo
760 2274 1059 2340 tempestas
1092 2270 1300 2338 impete
1334 2270 1511 2339 fulgit.

189 2352 387 2404 ventus
421 2349 515 2403 ubi
548 2349 747 2403 invasit
778 2347 980 2401 nubem
1014 2349 1073 2401 et
1106 2350 1357 2401 versatus
1391 2347 1594 2402 ibidem
1823 2364 1892 2406 1⁷5

188 2426 322 2481 fecit
354 2428 421 2481 ut
454 2428 583 2479 ante
618 2442 805 2479 cavam
842 2422 1001 2477 docui
1036 2422 1363 2492 spissescere
1395 2423 1618 2493 nubem,

188 2502 497 2557 mobilitate
533 2518 631 2556 sua
664 2500 949 2566 fervescit3
985 2502 1049 2553 ut
1086 2498 1268 2552 omnia
1299 2502 1454 2554 motu

189 2579 550 2648 percalefacta
584 2576 739 2631 vides
771 2577 1075 2643 ardescere,
1108 2572 1368 2644 plumbea
1401 2592 1531 2631 vero

186 2654 341 2723 glans
376 2654 543 2709 etiam
578 2654 739 2721 longo
772 2669 936 2707 cursu
971 2650 1245 2705 volvenda
1279 2650 1546 2720 liquescit.

186 2747 319 2800 ergo
351 2731 591 2785 fervidus
625 2729 713 2783 hic
744 2728 947 2783 nubem
982 2744 1107 2782 cum
1143 2726 1408 2797 perscidit
1439 2732 1633 2796 atram,
1823 2739 1892 2784 18⁰

188 2807 419 2879 dissipat
454 2805 665 2860 ardoris
700 2804 855 2875 quasi
890 2820 991 2873 per
1024 2804 1136 2858 vim
1171 2820 1432 2873 expressa
1465 2806 1698 2874 repente

186 2885 395 2938 semina
428 2900 567 2954 quae
600 2882 810 2937 faciunt
842 2880 1109 2935 nictantia
1141 2880 1358 2948 fulgura
1393 2880 1676 2947 flammam

185 2959 317 3013 inde
352 2976 517 3013 sonus
550 2959 799 3027 sequitur
834 2956 928 3025 qui
964 2956 1178 3009 tardius
1213 2956 1403 3011 adficit
1435 2956 1584 3010 auris

186 3051 350 3103 quam
385 3050 525 3104 quae
561 3034 887 3103 perveniunt
920 3032 1199 3086 oculorum
1234 3031 1308 3084 ad
1339 3032 1546 3087 lumina
1576 3036 1780 3089 nostra.

186 3110 394 3164 scilicet
427 3110 529 3164 hoc
564 3108 749 3162 densis
782 3108 848 3161 fit
880 3106 1117 3161 nubibus
1151 3109 1210 3160 et
1245 3107 1402 3160 simul
1436 3107 1552 3163 alte
1819 3122 1894 3171 1812

186 3184 455 3238 extructis
489 3182 612 3237 aliis
643 3182 776 3236 alias
812 3198 981 3252 super
1012 3182 1219 3251 impete
1252 3183 1419 3248 miro;
