<?xml version="1.0" encoding="UTF-8"?>
<!DOCTYPE html PUBLIC "-//W3C//DTD XHTML 1.0 Transitional//EN"
    "http://www.w3.org/TR/xhtml1/DTD/xhtml1-transitional.dtd">
<html xmlns="http://www.w3.org/1999/xhtml" xml:lang="en" lang="en">
 <head>
  <title>
</title>
<meta http-equiv="Content-Type" content="text/html;charset=utf-8" />
  <meta name='ocr-system' content='tesseract 3.04.00' />
  <meta name='ocr-capabilities' content='ocr_page ocr_carea ocr_par ocr_line ocrx_word'/>
</head>
<body>
  <div class='ocr_page' id='page_1' title='image "./tlucreticarider09munrgoog_0036.png"; bbox 0 0 2259 3550; ppageno 0'>
   <div class='ocr_carea' id='block_1_1' title="bbox 1063 101 1177 138">
    <p class='ocr_par' dir='ltr' id='par_1_1' title="bbox 1063 101 1177 138">
     <span class='ocr_line' id='line_1_1' title="bbox 1063 101 1177 138; baseline 0 0"><span class='ocrx_word' id='word_1_1' title='bbox 1063 101 1177 138; x_wconf 76' lang='lat' dir='ltr'>XXX</span> 
     </span>
    </p>
   </div>
   <div class='ocr_carea' id='block_1_2' title="bbox 261 217 1980 3213">
    <p class='ocr_par' dir='ltr' id='par_1_2' title="bbox 270 217 1980 460">
     <span class='ocr_line' id='line_1_2' title="bbox 270 217 1980 294; baseline 0.008 -25"><span class='ocrx_word' id='word_1_2' title='bbox 270 231 434 271; x_wconf 86' lang='lat' dir='ltr'>causa</span> <span class='ocrx_word' id='word_1_3' title='bbox 470 219 530 271; x_wconf 89' lang='lat' dir='ltr'>et</span> <span class='ocrx_word' id='word_1_4' title='bbox 574 233 699 271; x_wconf 89' lang='lat' dir='ltr'>cum</span> <span class='ocrx_word' id='word_1_5' title='bbox 745 217 1010 272; x_wconf 83' lang='lat' dir='ltr'>orationis</span> <span class='ocrx_word' id='word_1_6' title='bbox 1051 220 1472 289; x_wconf 76' lang='lat' dir='ltr'><strong>sententiaeque</strong></span> <span class='ocrx_word' id='word_1_7' title='bbox 1512 221 1877 294; x_wconf 83' lang='lat' dir='ltr'>detrimento’,</span> <span class='ocrx_word' id='word_1_8' title='bbox 1914 230 1980 283; x_wconf 86' lang='lat' dir='ltr'>ut</span> 
     </span>
     <span class='ocr_line' id='line_1_3' title="bbox 272 304 1979 376; baseline 0.006 -19"><span class='ocrx_word' id='word_1_9' title='bbox 272 304 455 358; x_wconf 85' lang='lat' dir='ltr'>verbis</span> <span class='ocrx_word' id='word_1_10' title='bbox 478 308 606 358; x_wconf 85' lang='lat' dir='ltr'>utar</span> <span class='ocrx_word' id='word_1_11' title='bbox 633 304 898 374; x_wconf 83' lang='lat' dir='ltr'>Madvigii</span> <span class='ocrx_word' id='word_1_12' title='bbox 923 306 1136 360; x_wconf 87' lang='lat' dir='ltr'>emend.</span> <span class='ocrx_word' id='word_1_13' title='bbox 1165 306 1278 361; x_wconf 89' lang='lat' dir='ltr'>Liv.</span> <span class='ocrx_word' id='word_1_14' title='bbox 1296 323 1349 376; x_wconf 91' lang='lat' dir='ltr'>p.</span> <span class='ocrx_word' id='word_1_15' title='bbox 1371 313 1486 375; x_wconf 80' lang='lat'>123,</span> <span class='ocrx_word' id='word_1_16' title='bbox 1506 309 1601 363; x_wconf 90' lang='lat' dir='ltr'>ubi</span> <span class='ocrx_word' id='word_1_17' title='bbox 1618 310 1701 364; x_wconf 88' lang='lat' dir='ltr'>vir</span> <span class='ocrx_word' id='word_1_18' title='bbox 1722 311 1979 366; x_wconf 80' lang='lat' dir='ltr'>eruditis-</span> 
     </span>
     <span class='ocr_line' id='line_1_4' title="bbox 270 389 1321 460; baseline 0.003 -17"><span class='ocrx_word' id='word_1_19' title='bbox 270 391 438 443; x_wconf 88' lang='lat' dir='ltr'>simus</span> <span class='ocrx_word' id='word_1_20' title='bbox 461 389 564 444; x_wconf 89' lang='lat' dir='ltr'>hoc</span> <span class='ocrx_word' id='word_1_21' title='bbox 587 389 847 458; x_wconf 81' lang='lat' dir='ltr'>loquendi</span> <span class='ocrx_word' id='word_1_22' title='bbox 871 407 1044 460; x_wconf 88' lang='lat' dir='ltr'>genus</span> <span class='ocrx_word' id='word_1_23' title='bbox 1066 391 1321 446; x_wconf 86' lang='lat' dir='ltr'>illustrat.</span> 
     </span>
    </p>

    <p class='ocr_par' dir='ltr' id='par_1_3' title="bbox 374 477 1607 547">
     <span class='ocr_line' id='line_1_5' title="bbox 374 477 1607 547; baseline 0.002 -14"><span class='ocrx_word' id='word_1_24' title='bbox 374 481 473 533; x_wconf 89' lang='grc'>768</span> <span class='ocrx_word' id='word_1_25' title='bbox 543 477 670 532; x_wconf 84' lang='lat' dir='ltr'>libri</span> <span class='ocrx_word' id='word_1_26' title='bbox 699 493 930 532; x_wconf 73' lang='lat' dir='ltr'>runem.</span> <span class='ocrx_word' id='word_1_27' title='bbox 1001 479 1385 533; x_wconf 83' lang='lat' dir='ltr'>Lachmannus</span> <span class='ocrx_word' id='word_1_28' title='bbox 1404 479 1607 547; x_wconf 70' lang='lat' dir='ltr'>sulqit.</span> 
     </span>
    </p>

    <p class='ocr_par' dir='ltr' id='par_1_4' title="bbox 269 564 1979 806">
     <span class='ocr_line' id='line_1_6' title="bbox 373 564 1979 636; baseline 0.005 -18"><span class='ocrx_word' id='word_1_29' title='bbox 373 570 474 619; x_wconf 87' lang='lat'>805</span> <span class='ocrx_word' id='word_1_30' title='bbox 543 564 670 618; x_wconf 89' lang='lat' dir='ltr'>libri</span> <span class='ocrx_word' id='word_1_31' title='bbox 707 579 959 620; x_wconf 78' lang='lat' dir='ltr'>PRIMUM.</span> <span class='ocrx_word' id='word_1_32' title='bbox 1039 564 1419 620; x_wconf 85' lang='lat' dir='ltr'>Lachmannus</span> <span class='ocrx_word' id='word_1_33' title='bbox 1449 567 1672 636; x_wconf 71' lang='lat' dir='ltr'>passim</span> <span class='ocrx_word' id='word_1_34' title='bbox 1709 567 1825 624; x_wconf 88' lang='lat' dir='ltr'>sine</span> <span class='ocrx_word' id='word_1_35' title='bbox 1866 570 1979 626; x_wconf 86' lang='lat' dir='ltr'>ulla</span> 
     </span>
     <span class='ocr_line' id='line_1_7' title="bbox 269 651 1975 722; baseline 0.005 -19"><span class='ocrx_word' id='word_1_36' title='bbox 269 665 444 704; x_wconf 87' lang='lat' dir='ltr'>causa.</span> <span class='ocrx_word' id='word_1_37' title='bbox 512 651 648 704; x_wconf 66' lang='lat' dir='ltr'>nam‘</span> <span class='ocrx_word' id='word_1_38' title='bbox 671 652 727 704; x_wconf 87' lang='lat' dir='ltr'>in</span> <span class='ocrx_word' id='word_1_39' title='bbox 761 657 862 706; x_wconf 85' lang='lat'>988</span> <span class='ocrx_word' id='word_1_40' title='bbox 885 661 1120 722; x_wconf 81' lang='lat' dir='ltr'>‘quoque</span> <span class='ocrx_word' id='word_1_41' title='bbox 1154 653 1427 707; x_wconf 78' lang='lat' dir='ltr'>mortalia</span> <span class='ocrx_word' id='word_1_42' title='bbox 1457 655 1637 708; x_wconf 75' lang='lat' dir='ltr'>saecla</span> <span class='ocrx_word' id='word_1_43' title='bbox 1674 655 1975 712; x_wconf 85' lang='lat' dir='ltr'>humanum</span> 
     </span>
     <span class='ocr_line' id='line_1_8' title="bbox 269 737 1631 806; baseline 0.003 -18"><span class='ocrx_word' id='word_1_44' title='bbox 269 752 454 803; x_wconf 88' lang='lat' dir='ltr'>genus,</span> <span class='ocrx_word' id='word_1_45' title='bbox 478 752 586 790; x_wconf 89' lang='lat' dir='ltr'>non</span> <span class='ocrx_word' id='word_1_46' title='bbox 609 753 769 791; x_wconf 89' lang='lat' dir='ltr'>omne</span> <span class='ocrx_word' id='word_1_47' title='bbox 790 754 964 806; x_wconf 89' lang='lat' dir='ltr'>genus</span> <span class='ocrx_word' id='word_1_48' title='bbox 987 738 1323 792; x_wconf 80' lang='lat' dir='ltr'>animantum</span> <span class='ocrx_word' id='word_1_49' title='bbox 1347 737 1631 806; x_wconf 84' lang='lat' dir='ltr'>significat.</span> 
     </span>
    </p>

    <p class='ocr_par' dir='ltr' id='par_1_5' title="bbox 268 823 1976 1063">
     <span class='ocr_line' id='line_1_9' title="bbox 373 823 1976 892; baseline 0.002 -17"><span class='ocrx_word' id='word_1_50' title='bbox 373 827 475 876; x_wconf 85' lang='lat'>854</span> <span class='ocrx_word' id='word_1_51' title='bbox 543 838 645 891; x_wconf 92' lang='lat' dir='ltr'>pro</span> <span class='ocrx_word' id='word_1_52' title='bbox 696 837 962 876; x_wconf 66' lang='lat' dir='ltr'><strong>mmmmm</strong></span> <span class='ocrx_word' id='word_1_53' title='bbox 1002 823 1194 892; x_wconf 81' lang='lat' dir='ltr'>scripsi</span> <span class='ocrx_word' id='word_1_54' title='bbox 1231 840 1355 877; x_wconf 89' lang='lat' dir='ltr'>cum</span> <span class='ocrx_word' id='word_1_55' title='bbox 1399 823 1698 892; x_wconf 78' lang='lat' dir='ltr'>Bernaysio</span> <span class='ocrx_word' id='word_1_56' title='bbox 1739 831 1976 880; x_wconf 78' lang='lat' dir='ltr'>mutent.</span> 
     </span>
     <span class='ocr_line' id='line_1_10' title="bbox 268 908 1975 980; baseline 0.002 -18"><span class='ocrx_word' id='word_1_57' title='bbox 268 908 324 962; x_wconf 91' lang='lat' dir='ltr'>in</span> <span class='ocrx_word' id='word_1_58' title='bbox 350 908 627 978; x_wconf 84' lang='lat' dir='ltr'>superiore</span> <span class='ocrx_word' id='word_1_59' title='bbox 649 925 813 963; x_wconf 82' lang='lat' dir='ltr'>versu</span> <span class='ocrx_word' id='word_1_60' title='bbox 835 926 934 977; x_wconf 90' lang='lat' dir='ltr'>pro</span> <span class='ocrx_word' id='word_1_61' title='bbox 959 925 1189 962; x_wconf 69' lang='lat' dir='ltr'>HABERE</span> <span class='ocrx_word' id='word_1_62' title='bbox 1221 909 1603 966; x_wconf 86' lang='lat' dir='ltr'>Lachmannus</span> <span class='ocrx_word' id='word_1_63' title='bbox 1633 926 1800 965; x_wconf 78' lang='lat' dir='ltr'>avere</span> <span class='ocrx_word' id='word_1_64' title='bbox 1822 911 1975 980; x_wconf 88' lang='lat' dir='ltr'>quod</span> 
     </span>
     <span class='ocr_line' id='line_1_11' title="bbox 270 993 1193 1063; baseline 0.003 -17"><span class='ocrx_word' id='word_1_65' title='bbox 270 1009 393 1047; x_wconf 88' lang='lat' dir='ltr'>cum</span> <span class='ocrx_word' id='word_1_66' title='bbox 416 993 875 1062; x_wconf 79' lang='lat' dir='ltr'>praecedentibus</span> <span class='ocrx_word' id='word_1_67' title='bbox 899 995 1193 1063; x_wconf 87' lang='lat' dir='ltr'>coniungit.</span> 
     </span>
    </p>

    <p class='ocr_par' dir='ltr' id='par_1_6' title="bbox 269 1079 1975 1754">
     <span class='ocr_line' id='line_1_12' title="bbox 373 1079 1975 1150; baseline 0.002 -17"><span class='ocrx_word' id='word_1_68' title='bbox 373 1086 470 1134; x_wconf 86' lang='lat'>881</span> <span class='ocrx_word' id='word_1_69' title='bbox 546 1079 849 1149; x_wconf 85' lang='lat' dir='ltr'>quadratus</span> <span class='ocrx_word' id='word_1_70' title='bbox 873 1095 985 1134; x_wconf 72' lang='lat' dir='ltr'>PAR</span> <span class='ocrx_word' id='word_1_71' title='bbox 1019 1095 1109 1134; x_wconf 86' lang='lat' dir='ltr'>v1s</span> <span class='ocrx_word' id='word_1_72' title='bbox 1146 1096 1219 1135; x_wconf 69' lang='lat' dir='ltr'>m*</span> <span class='ocrx_word' id='word_1_73' title='bbox 1252 1097 1366 1136; x_wconf 69' lang='lat' dir='ltr'>Non</span> <span class='ocrx_word' id='word_1_74' title='bbox 1402 1097 1503 1136; x_wconf 68' lang='lat' dir='ltr'>su·</span> <span class='ocrx_word' id='word_1_75' title='bbox 1525 1097 1679 1137; x_wconf 66' lang='lat' dir='ltr'>uns.</span> <span class='ocrx_word' id='word_1_76' title='bbox 1748 1099 1850 1150; x_wconf 90' lang='lat' dir='ltr'>pro</span> <span class='ocrx_word' id='word_1_77' title='bbox 1873 1097 1975 1137; x_wconf 68' lang='lat' dir='ltr'>su*</span> 
     </span>
     <span class='ocr_line' id='line_1_13' title="bbox 270 1165 1973 1238; baseline 0.003 -19"><span class='ocrx_word' id='word_1_78' title='bbox 270 1165 535 1235; x_wconf 88' lang='lat' dir='ltr'>oblongus</span> <span class='ocrx_word' id='word_1_79' title='bbox 576 1182 675 1220; x_wconf 79' lang='lat' dir='ltr'>srr.</span> <span class='ocrx_word' id='word_1_80' title='bbox 745 1167 936 1238; x_wconf 83' lang='lat' dir='ltr'>scripsi</span> <span class='ocrx_word' id='word_1_81' title='bbox 978 1168 1113 1235; x_wconf 76' lang='lat' dir='ltr'>visq.</span> <span class='ocrx_word' id='word_1_82' title='bbox 1154 1174 1221 1221; x_wconf 81' lang='lat' dir='ltr'>ut</span> <span class='ocrx_word' id='word_1_83' title='bbox 1260 1185 1378 1222; x_wconf 79' lang='lat' dir='ltr'>non</span> <span class='ocrx_word' id='word_1_84' title='bbox 1423 1176 1513 1223; x_wconf 72' lang='lat' dir='ltr'>sat</span> <span class='ocrx_word' id='word_1_85' title='bbox 1550 1187 1683 1237; x_wconf 84' lang='lat' dir='ltr'>par.</span> <span class='ocrx_word' id='word_1_86' title='bbox 1745 1187 1869 1238; x_wconf 83' lang='lat' dir='ltr'>par</span> <span class='ocrx_word' id='word_1_87' title='bbox 1914 1170 1973 1224; x_wconf 89' lang='lat' dir='ltr'>in</span> 
     </span>
     <span class='ocr_line' id='line_1_14' title="bbox 269 1252 1973 1323; baseline 0.003 -18"><span class='ocrx_word' id='word_1_88' title='bbox 269 1252 516 1321; x_wconf 81' lang='lat' dir='ltr'>margine</span> <span class='ocrx_word' id='word_1_89' title='bbox 535 1253 772 1322; x_wconf 90' lang='lat' dir='ltr'>primum</span> <span class='ocrx_word' id='word_1_90' title='bbox 806 1253 1144 1322; x_wconf 83' lang='lat' dir='ltr'>adscriptum</span> <span class='ocrx_word' id='word_1_91' title='bbox 1176 1254 1347 1308; x_wconf 86' lang='lat' dir='ltr'>fuisse</span> <span class='ocrx_word' id='word_1_92' title='bbox 1370 1255 1605 1323; x_wconf 86' lang='lat' dir='ltr'>videtur,</span> <span class='ocrx_word' id='word_1_93' title='bbox 1627 1258 1693 1310; x_wconf 90' lang='lat' dir='ltr'>ut</span> <span class='ocrx_word' id='word_1_94' title='bbox 1714 1256 1770 1308; x_wconf 91' lang='lat' dir='ltr'>in</span> <span class='ocrx_word' id='word_1_95' title='bbox 1793 1255 1973 1310; x_wconf 87' lang='lat' dir='ltr'>locum</span> 
     </span>
     <span class='ocr_line' id='line_1_15' title="bbox 269 1339 1971 1410; baseline 0.003 -19"><span class='ocrx_word' id='word_1_96' title='bbox 269 1339 442 1408; x_wconf 86' lang='lat' dir='ltr'>inepti</span> <span class='ocrx_word' id='word_1_97' title='bbox 473 1355 621 1408; x_wconf 72' lang='lat' dir='ltr'>pars</span> <span class='ocrx_word' id='word_1_98' title='bbox 658 1344 1074 1410; x_wconf 87' lang='lat' dir='ltr'>supponeretur,</span> <span class='ocrx_word' id='word_1_99' title='bbox 1100 1342 1161 1394; x_wconf 90' lang='lat' dir='ltr'>et</span> <span class='ocrx_word' id='word_1_100' title='bbox 1190 1339 1321 1394; x_wconf 88' lang='lat' dir='ltr'>inde</span> <span class='ocrx_word' id='word_1_101' title='bbox 1351 1341 1407 1393; x_wconf 90' lang='lat' dir='ltr'>in</span> <span class='ocrx_word' id='word_1_102' title='bbox 1429 1357 1647 1396; x_wconf 84' lang='lat' dir='ltr'>versum</span> <span class='ocrx_word' id='word_1_103' title='bbox 1674 1341 1971 1410; x_wconf 81' lang='lat' dir='ltr'>irrepsisse.</span> 
     </span>
     <span class='ocr_line' id='line_1_16' title="bbox 272 1425 1972 1498; baseline 0.003 -20"><span class='ocrx_word' id='word_1_104' title='bbox 272 1425 648 1480; x_wconf 81' lang='lat' dir='ltr'>Lachmannus</span> <span class='ocrx_word' id='word_1_105' title='bbox 686 1427 885 1494; x_wconf 73' lang='lat' dir='ltr'>partis</span> <span class='ocrx_word' id='word_1_106' title='bbox 931 1433 998 1479; x_wconf 81' lang='lat' dir='ltr'>ut</span> <span class='ocrx_word' id='word_1_107' title='bbox 1041 1427 1096 1479; x_wconf 79' lang='lat' dir='ltr'>si</span> <span class='ocrx_word' id='word_1_108' title='bbox 1132 1443 1269 1495; x_wconf 82' lang='lat' dir='ltr'>par,</span> <span class='ocrx_word' id='word_1_109' title='bbox 1312 1427 1464 1496; x_wconf 87' lang='lat' dir='ltr'>quod</span> <span class='ocrx_word' id='word_1_110' title='bbox 1508 1428 1602 1481; x_wconf 82' lang='lat' dir='ltr'>vix</span> <span class='ocrx_word' id='word_1_111' title='bbox 1647 1428 1972 1498; x_wconf 86' lang='lat' dir='ltr'>intellegere</span> 
     </span>
     <span class='ocr_line' id='line_1_17' title="bbox 269 1513 1971 1583; baseline 0.003 -18"><span class='ocrx_word' id='word_1_112' title='bbox 269 1528 504 1580; x_wconf 90' lang='lat' dir='ltr'>possum.</span> <span class='ocrx_word' id='word_1_113' title='bbox 575 1513 821 1581; x_wconf 83' lang='lat' dir='ltr'>loquitur</span> <span class='ocrx_word' id='word_1_114' title='bbox 854 1516 1018 1582; x_wconf 86' lang='lat' dir='ltr'>poeta</span> <span class='ocrx_word' id='word_1_115' title='bbox 1047 1513 1117 1567; x_wconf 90' lang='lat' dir='ltr'>de</span> <span class='ocrx_word' id='word_1_116' title='bbox 1148 1513 1315 1566; x_wconf 87' lang='lat' dir='ltr'>rebus</span> <span class='ocrx_word' id='word_1_117' title='bbox 1344 1530 1414 1566; x_wconf 85' lang='lat' dir='ltr'>ex</span> <span class='ocrx_word' id='word_1_118' title='bbox 1450 1514 1769 1583; x_wconf 84' lang='lat' dir='ltr'>alienigenis</span> <span class='ocrx_word' id='word_1_119' title='bbox 1800 1531 1971 1570; x_wconf 90' lang='lat' dir='ltr'>mem-</span> 
     </span>
     <span class='ocr_line' id='line_1_18' title="bbox 269 1596 1968 1671; baseline 0.003 -21"><span class='ocrx_word' id='word_1_120' title='bbox 269 1596 384 1650; x_wconf 86' lang='lat' dir='ltr'>bris</span> <span class='ocrx_word' id='word_1_121' title='bbox 407 1598 484 1652; x_wconf 86' lang='lat' dir='ltr'>ita</span> <span class='ocrx_word' id='word_1_122' title='bbox 508 1599 817 1668; x_wconf 87' lang='lat' dir='ltr'>compactis,</span> <span class='ocrx_word' id='word_1_123' title='bbox 833 1603 898 1652; x_wconf 87' lang='lat' dir='ltr'>ut</span> <span class='ocrx_word' id='word_1_124' title='bbox 915 1601 997 1653; x_wconf 85' lang='lat' dir='ltr'>vis</span> <span class='ocrx_word' id='word_1_125' title='bbox 1015 1603 1075 1654; x_wconf 86' lang='lat' dir='ltr'>et</span> <span class='ocrx_word' id='word_1_126' title='bbox 1095 1602 1344 1666; x_wconf 85' lang='lat' dir='ltr'>potestas</span> <span class='ocrx_word' id='word_1_127' title='bbox 1361 1599 1651 1669; x_wconf 88' lang='lat' dir='ltr'>utriusque</span> <span class='ocrx_word' id='word_1_128' title='bbox 1668 1601 1845 1671; x_wconf 86' lang='lat' dir='ltr'>partis</span> <span class='ocrx_word' id='word_1_129' title='bbox 1860 1618 1968 1656; x_wconf 90' lang='lat' dir='ltr'>non</span> 
     </span>
     <span class='ocr_line' id='line_1_19' title="bbox 269 1683 876 1754; baseline 0.002 -17"><span class='ocrx_word' id='word_1_130' title='bbox 269 1683 404 1737; x_wconf 90' lang='lat' dir='ltr'>satis</span> <span class='ocrx_word' id='word_1_131' title='bbox 426 1701 529 1752; x_wconf 83' lang='lat' dir='ltr'>par</span> <span class='ocrx_word' id='word_1_132' title='bbox 552 1702 672 1738; x_wconf 88' lang='lat' dir='ltr'>csse</span> <span class='ocrx_word' id='word_1_133' title='bbox 690 1685 876 1754; x_wconf 89' lang='lat' dir='ltr'>possit.</span> 
     </span>
    </p>

    <p class='ocr_par' dir='ltr' id='par_1_7' title="bbox 267 1769 1969 2012">
     <span class='ocr_line' id='line_1_20' title="bbox 373 1769 1968 1842; baseline 0.004 -19"><span class='ocrx_word' id='word_1_134' title='bbox 373 1777 474 1823; x_wconf 63' lang='lat'>888</span> <span class='ocrx_word' id='word_1_135' title='bbox 543 1787 644 1840; x_wconf 91' lang='lat' dir='ltr'>pro</span> <span class='ocrx_word' id='word_1_136' title='bbox 669 1786 902 1824; x_wconf 71' lang='lat' dir='ltr'>rumam</span> <span class='ocrx_word' id='word_1_137' title='bbox 926 1769 1118 1842; x_wconf 82' lang='lat' dir='ltr'>scripsi</span> <span class='ocrx_word' id='word_1_138' title='bbox 1139 1788 1323 1840; x_wconf 74' lang='lat' dir='ltr'>puero</span> <span class='ocrx_word' id='word_1_139' title='bbox 1347 1772 1443 1827; x_wconf 71' lang='lat' dir='ltr'>olli</span> <span class='ocrx_word' id='word_1_140' title='bbox 1468 1772 1600 1841; x_wconf 79' lang='lat' dir='ltr'>(oli).</span> <span class='ocrx_word' id='word_1_141' title='bbox 1670 1772 1968 1829; x_wconf 83' lang='lat' dir='ltr'>Lachman-</span> 
     </span>
     <span class='ocr_line' id='line_1_21' title="bbox 267 1854 1969 1924; baseline 0.005 -18"><span class='ocrx_word' id='word_1_142' title='bbox 267 1868 370 1907; x_wconf 90' lang='lat' dir='ltr'>nus</span> <span class='ocrx_word' id='word_1_143' title='bbox 408 1870 530 1907; x_wconf 92' lang='lat' dir='ltr'>cum</span> <span class='ocrx_word' id='word_1_144' title='bbox 573 1854 810 1908; x_wconf 82' lang='lat' dir='ltr'>Avantio</span> <span class='ocrx_word' id='word_1_145' title='bbox 838 1856 1056 1923; x_wconf 76' lang='lat' dir='ltr'>pueris,</span> <span class='ocrx_word' id='word_1_146' title='bbox 1093 1872 1203 1924; x_wconf 90' lang='lat' dir='ltr'>quo</span> <span class='ocrx_word' id='word_1_147' title='bbox 1234 1858 1249 1883; x_wconf 91' lang='lat'>‘</span> <span class='ocrx_word' id='word_1_148' title='bbox 1264 1855 1354 1910; x_wconf 90' lang='lat' dir='ltr'>nil’</span> <span class='ocrx_word' id='word_1_149' title='bbox 1386 1857 1465 1911; x_wconf 87' lang='lat' dir='ltr'>ait</span> <span class='ocrx_word' id='word_1_150' title='bbox 1490 1858 1505 1885; x_wconf 77' lang='lat'><strong><em>⁶</em></strong></span> <span class='ocrx_word' id='word_1_151' title='bbox 1524 1860 1623 1911; x_wconf 90' lang='lat' dir='ltr'>aut</span> <span class='ocrx_word' id='word_1_152' title='bbox 1656 1857 1842 1913; x_wconf 82' lang='lat' dir='ltr'>verius</span> <span class='ocrx_word' id='word_1_153' title='bbox 1874 1875 1969 1914; x_wconf 86' lang='lat' dir='ltr'>ex-</span> 
     </span>
     <span class='ocr_line' id='line_1_22' title="bbox 267 1939 1158 2012; baseline 0.003 -19"><span class='ocrx_word' id='word_1_154' title='bbox 267 1939 497 2008; x_wconf 85' lang='lat' dir='ltr'>cogitari</span> <span class='ocrx_word' id='word_1_155' title='bbox 521 1944 706 2009; x_wconf 89' lang='lat' dir='ltr'>potest</span> <span class='ocrx_word' id='word_1_156' title='bbox 727 1945 825 1996; x_wconf 88' lang='lat' dir='ltr'>aut</span> <span class='ocrx_word' id='word_1_157' title='bbox 847 1942 1158 2012; x_wconf 86' lang='lat' dir='ltr'>pulchrius’.</span> 
     </span>
    </p>

    <p class='ocr_par' dir='ltr' id='par_1_8' title="bbox 265 2028 1970 2182">
     <span class='ocr_line' id='line_1_23' title="bbox 371 2028 1970 2099; baseline 0.003 -18"><span class='ocrx_word' id='word_1_158' title='bbox 371 2032 466 2081; x_wconf 89' lang='grc'>901</span> <span class='ocrx_word' id='word_1_159' title='bbox 543 2044 670 2081; x_wconf 78' lang='lat' dir='ltr'>vero</span> <span class='ocrx_word' id='word_1_160' title='bbox 689 2044 812 2083; x_wconf 86' lang='lat' dir='ltr'>cum</span> <span class='ocrx_word' id='word_1_161' title='bbox 837 2028 922 2081; x_wconf 89' lang='lat' dir='ltr'>ed.</span> <span class='ocrx_word' id='word_1_162' title='bbox 952 2029 1098 2083; x_wconf 90' lang='lat' dir='ltr'>Iunt.</span> <span class='ocrx_word' id='word_1_163' title='bbox 1121 2033 1249 2098; x_wconf 84' lang='lat' dir='ltr'>post</span> <span class='ocrx_word' id='word_1_164' title='bbox 1272 2030 1505 2099; x_wconf 76' lang='lat' dir='ltr'>quidem</span> <span class='ocrx_word' id='word_1_165' title='bbox 1534 2029 1740 2086; x_wconf 75' lang='lat' dir='ltr'>addidi.</span> <span class='ocrx_word' id='word_1_166' title='bbox 1801 2030 1970 2087; x_wconf 85' lang='lat' dir='ltr'>Lach-</span> 
     </span>
     <span class='ocr_line' id='line_1_24' title="bbox 265 2112 1363 2182; baseline 0.005 -20"><span class='ocrx_word' id='word_1_167' title='bbox 265 2126 495 2164; x_wconf 86' lang='lat' dir='ltr'>mannus</span> <span class='ocrx_word' id='word_1_168' title='bbox 518 2112 575 2165; x_wconf 89' lang='lat' dir='ltr'>in</span> <span class='ocrx_word' id='word_1_169' title='bbox 599 2112 866 2181; x_wconf 89' lang='lat' dir='ltr'>principio</span> <span class='ocrx_word' id='word_1_170' title='bbox 889 2129 1078 2167; x_wconf 85' lang='lat' dir='ltr'>versus</span> <span class='ocrx_word' id='word_1_171' title='bbox 1103 2115 1363 2182; x_wconf 73' lang='lat' dir='ltr'>denique.</span> 
     </span>
    </p>

    <p class='ocr_par' dir='ltr' id='par_1_9' title="bbox 370 2199 1639 2267">
     <span class='ocr_line' id='line_1_25' title="bbox 370 2199 1639 2267; baseline 0.003 -16"><span class='ocrx_word' id='word_1_172' title='bbox 370 2202 471 2251; x_wconf 80' lang='lat'>923</span> <span class='ocrx_word' id='word_1_173' title='bbox 541 2215 642 2267; x_wconf 89' lang='lat' dir='ltr'>pro</span> <span class='ocrx_word' id='word_1_174' title='bbox 665 2213 715 2253; x_wconf 77' lang='lat' dir='ltr'>SI</span> <span class='ocrx_word' id='word_1_175' title='bbox 741 2199 933 2267; x_wconf 86' lang='lat' dir='ltr'>scripsi</span> <span class='ocrx_word' id='word_1_176' title='bbox 959 2215 1062 2253; x_wconf 72' lang='lat' dir='ltr'>res.</span> <span class='ocrx_word' id='word_1_177' title='bbox 1131 2200 1513 2254; x_wconf 76' lang='lat' dir='ltr'>Lachmannus</span> <span class='ocrx_word' id='word_1_178' title='bbox 1539 2202 1639 2256; x_wconf 72' lang='lat' dir='ltr'>vis.</span> 
     </span>
    </p>

    <p class='ocr_par' dir='ltr' id='par_1_10' title="bbox 263 2286 1969 2610">
     <span class='ocr_line' id='line_1_26' title="bbox 370 2286 1968 2355; baseline 0.003 -18"><span class='ocrx_word' id='word_1_179' title='bbox 370 2287 469 2342; x_wconf 87' lang='grc'>947</span> <span class='ocrx_word' id='word_1_180' title='bbox 541 2302 642 2355; x_wconf 89' lang='lat' dir='ltr'>pro</span> <span class='ocrx_word' id='word_1_181' title='bbox 679 2300 1007 2339; x_wconf 59' lang='lat' dir='ltr'>ommam</span> <span class='ocrx_word' id='word_1_182' title='bbox 1044 2286 1314 2355; x_wconf 84' lang='lat' dir='ltr'>Forbiger</span> <span class='ocrx_word' id='word_1_183' title='bbox 1348 2288 1554 2355; x_wconf 77' lang='lat' dir='ltr'>optime</span> <span class='ocrx_word' id='word_1_184' title='bbox 1589 2286 1784 2341; x_wconf 80' lang='lat' dir='ltr'>Glaru’</span> <span class='ocrx_word' id='word_1_185' title='bbox 1816 2286 1968 2342; x_wconf 77' lang='lat' dir='ltr'>citat.</span> 
     </span>
     <span class='ocr_line' id='line_1_27' title="bbox 267 2371 1969 2439; baseline 0.002 -15"><span class='ocrx_word' id='word_1_186' title='bbox 267 2371 646 2425; x_wconf 76' lang='lat' dir='ltr'>Lachmannus</span> <span class='ocrx_word' id='word_1_187' title='bbox 691 2371 1012 2439; x_wconf 63' lang='lat' dir='ltr'>(Har-igitat,</span> <span class='ocrx_word' id='word_1_188' title='bbox 1052 2373 1201 2439; x_wconf 88' lang='lat' dir='ltr'>quod</span> <span class='ocrx_word' id='word_1_189' title='bbox 1246 2390 1347 2427; x_wconf 92' lang='lat' dir='ltr'>nec</span> <span class='ocrx_word' id='word_1_190' title='bbox 1388 2374 1593 2427; x_wconf 88' lang='lat' dir='ltr'>dicitur</span> <span class='ocrx_word' id='word_1_191' title='bbox 1635 2374 1828 2428; x_wconf 84' lang='lat' dir='ltr'>Latine</span> <span class='ocrx_word' id='word_1_192' title='bbox 1868 2390 1969 2427; x_wconf 87' lang='lat' dir='ltr'>nec</span> 
     </span>
     <span class='ocr_line' id='line_1_28' title="bbox 264 2457 1969 2528; baseline 0.001 -17"><span class='ocrx_word' id='word_1_193' title='bbox 264 2457 374 2511; x_wconf 84' lang='lat' dir='ltr'>dici</span> <span class='ocrx_word' id='word_1_194' title='bbox 410 2462 597 2527; x_wconf 86' lang='lat' dir='ltr'>potest</span> <span class='ocrx_word' id='word_1_195' title='bbox 625 2474 741 2526; x_wconf 87' lang='lat' dir='ltr'>nec,</span> <span class='ocrx_word' id='word_1_196' title='bbox 765 2459 810 2512; x_wconf 93' lang='lat' dir='ltr'>si</span> <span class='ocrx_word' id='word_1_197' title='bbox 842 2457 1137 2526; x_wconf 78' lang='lat' dir='ltr'>(liceretur,</span> <span class='ocrx_word' id='word_1_198' title='bbox 1163 2459 1312 2527; x_wconf 90' lang='lat' dir='ltr'>quod</span> <span class='ocrx_word' id='word_1_199' title='bbox 1340 2458 1433 2513; x_wconf 90' lang='lat' dir='ltr'>ille</span> <span class='ocrx_word' id='word_1_200' title='bbox 1455 2460 1639 2525; x_wconf 86' lang='lat' dir='ltr'>voluit,</span> <span class='ocrx_word' id='word_1_201' title='bbox 1663 2460 1969 2528; x_wconf 84' lang='lat' dir='ltr'>significare</span> 
     </span>
     <span class='ocr_line' id='line_1_29' title="bbox 263 2549 465 2610; baseline 0.005 -15"><span class='ocrx_word' id='word_1_202' title='bbox 263 2549 465 2610; x_wconf 81' lang='lat' dir='ltr'>posset.</span> 
     </span>
    </p>

    <p class='ocr_par' dir='ltr' id='par_1_11' title="bbox 261 2627 1970 3213">
     <span class='ocr_line' id='line_1_30' title="bbox 369 2627 1966 2697; baseline 0.003 -18"><span class='ocrx_word' id='word_1_203' title='bbox 369 2633 468 2683; x_wconf 90' lang='grc'>975</span> <span class='ocrx_word' id='word_1_204' title='bbox 540 2627 845 2681; x_wconf 87' lang='lat' dir='ltr'>rectissime</span> <span class='ocrx_word' id='word_1_205' title='bbox 879 2627 1206 2695; x_wconf 84' lang='lat' dir='ltr'>Naugerius,</span> <span class='ocrx_word' id='word_1_206' title='bbox 1240 2644 1349 2682; x_wconf 88' lang='lat' dir='ltr'>non</span> <span class='ocrx_word' id='word_1_207' title='bbox 1382 2630 1670 2695; x_wconf 75' lang='lat' dir='ltr'>Avantius,</span> <span class='ocrx_word' id='word_1_208' title='bbox 1702 2631 1830 2697; x_wconf 89' lang='lat' dir='ltr'>post</span> <span class='ocrx_word' id='word_1_209' title='bbox 1867 2633 1966 2685; x_wconf 90' lang='grc'>967</span> 
     </span>
     <span class='ocr_line' id='line_1_31' title="bbox 262 2712 1967 2783; baseline 0 -16"><span class='ocrx_word' id='word_1_210' title='bbox 262 2714 615 2783; x_wconf 85' lang='lat' dir='ltr'>transposuit.</span> <span class='ocrx_word' id='word_1_211' title='bbox 666 2713 681 2740; x_wconf 92' lang='lat'>‘</span> <span class='ocrx_word' id='word_1_212' title='bbox 694 2713 782 2766; x_wconf 91' lang='lat' dir='ltr'>hic</span> <span class='ocrx_word' id='word_1_213' title='bbox 830 2713 1012 2766; x_wconf 88' lang='lat' dir='ltr'>omnia</span> <span class='ocrx_word' id='word_1_214' title='bbox 1057 2712 1199 2765; x_wconf 90' lang='lat' dir='ltr'>mira</span> <span class='ocrx_word' id='word_1_215' title='bbox 1244 2713 1388 2767; x_wconf 88' lang='lat' dir='ltr'>sunt’</span> <span class='ocrx_word' id='word_1_216' title='bbox 1430 2714 1509 2767; x_wconf 86' lang='lat' dir='ltr'>ait</span> <span class='ocrx_word' id='word_1_217' title='bbox 1556 2712 1967 2779; x_wconf 82' lang='lat' dir='ltr'>Lachmannus3</span> 
     </span>
     <span class='ocr_line' id='line_1_32' title="bbox 262 2798 1964 2867; baseline 0 -14"><span class='ocrx_word' id='word_1_218' title='bbox 262 2800 338 2853; x_wconf 89' lang='lat' dir='ltr'>nil</span> <span class='ocrx_word' id='word_1_219' title='bbox 375 2803 561 2855; x_wconf 90' lang='lat' dir='ltr'>tamen</span> <span class='ocrx_word' id='word_1_220' title='bbox 595 2798 898 2853; x_wconf 88' lang='lat' dir='ltr'>mirabilius</span> <span class='ocrx_word' id='word_1_221' title='bbox 934 2815 1097 2867; x_wconf 89' lang='lat' dir='ltr'>quam</span> <span class='ocrx_word' id='word_1_222' title='bbox 1131 2798 1282 2867; x_wconf 90' lang='lat' dir='ltr'>quod</span> <span class='ocrx_word' id='word_1_223' title='bbox 1305 2799 1423 2866; x_wconf 86' lang='lat' dir='ltr'>ipse</span> <span class='ocrx_word' id='word_1_224' title='bbox 1446 2798 1639 2852; x_wconf 86' lang='lat' dir='ltr'>effecit.</span> <span class='ocrx_word' id='word_1_225' title='bbox 1710 2814 1839 2856; x_wconf 81' lang='lat' dir='ltr'>nam</span> <span class='ocrx_word' id='word_1_226' title='bbox 1864 2804 1964 2856; x_wconf 88' lang='grc'>970</span> 
     </span>
     <span class='ocr_line' id='line_1_33' title="bbox 261 2884 1967 2955; baseline 0.001 -18"><span class='ocrx_word' id='word_1_227' title='bbox 261 2885 318 2937; x_wconf 88' lang='lat' dir='ltr'>in</span> <span class='ocrx_word' id='word_1_228' title='bbox 343 2886 452 2938; x_wconf 89' lang='lat' dir='ltr'>duo</span> <span class='ocrx_word' id='word_1_229' title='bbox 482 2902 673 2940; x_wconf 83' lang='lat' dir='ltr'>versus</span> <span class='ocrx_word' id='word_1_230' title='bbox 709 2884 1027 2938; x_wconf 86' lang='lat' dir='ltr'>dimidiatos</span> <span class='ocrx_word' id='word_1_231' title='bbox 1056 2884 1296 2950; x_wconf 89' lang='lat' dir='ltr'>diremit,</span> <span class='ocrx_word' id='word_1_232' title='bbox 1323 2900 1555 2952; x_wconf 88' lang='lat' dir='ltr'>quorum</span> <span class='ocrx_word' id='word_1_233' title='bbox 1590 2884 1751 2937; x_wconf 87' lang='lat' dir='ltr'>unius</span> <span class='ocrx_word' id='word_1_234' title='bbox 1784 2885 1967 2955; x_wconf 89' lang='lat' dir='ltr'>finem,</span> 
     </span>
     <span class='ocr_line' id='line_1_34' title="bbox 261 2970 1967 3037; baseline 0.001 -13"><span class='ocrx_word' id='word_1_235' title='bbox 261 2972 487 3025; x_wconf 83' lang='lat' dir='ltr'>alterius</span> <span class='ocrx_word' id='word_1_236' title='bbox 523 2972 738 3026; x_wconf 89' lang='lat' dir='ltr'>initium</span> <span class='ocrx_word' id='word_1_237' title='bbox 773 2972 1116 3026; x_wconf 86' lang='lat' dir='ltr'>intercidisse</span> <span class='ocrx_word' id='word_1_238' title='bbox 1152 2970 1271 3025; x_wconf 86' lang='lat' dir='ltr'>vult</span> <span class='ocrx_word' id='word_1_239' title='bbox 1288 2993 1301 3037; x_wconf 90' lang='lat'>;</span> <span class='ocrx_word' id='word_1_240' title='bbox 1350 2970 1553 3026; x_wconf 87' lang='lat' dir='ltr'>deinde</span> <span class='ocrx_word' id='word_1_241' title='bbox 1588 2974 1690 3029; x_wconf 87' lang='grc'>975</span> <span class='ocrx_word' id='word_1_242' title='bbox 1726 2971 1967 3027; x_wconf 83' lang='lat' dir='ltr'>medium</span> 
     </span>
     <span class='ocr_line' id='line_1_35' title="bbox 261 3056 1969 3127; baseline 0.001 -17"><span class='ocrx_word' id='word_1_243' title='bbox 261 3056 412 3111; x_wconf 83' lang='lat' dir='ltr'>inter</span> <span class='ocrx_word' id='word_1_244' title='bbox 429 3057 528 3112; x_wconf 86' lang='lat' dir='ltr'>bas</span> <span class='ocrx_word' id='word_1_245' title='bbox 551 3076 806 3112; x_wconf 87' lang='lat' dir='ltr'>versuum</span> <span class='ocrx_word' id='word_1_246' title='bbox 830 3061 1020 3127; x_wconf 86' lang='lat' dir='ltr'>partes</span> <span class='ocrx_word' id='word_1_247' title='bbox 1044 3056 1291 3123; x_wconf 86' lang='lat' dir='ltr'>collocat,</span> <span class='ocrx_word' id='word_1_248' title='bbox 1318 3057 1532 3112; x_wconf 84' lang='lat' dir='ltr'>adiecta</span> <span class='ocrx_word' id='word_1_249' title='bbox 1554 3057 1727 3112; x_wconf 88' lang='lat' dir='ltr'>totius</span> <span class='ocrx_word' id='word_1_250' title='bbox 1750 3062 1969 3113; x_wconf 87' lang='lat' dir='ltr'>senten-</span> 
     </span>
     <span class='ocr_line' id='line_1_36' title="bbox 261 3143 1970 3213; baseline -0.001 -15"><span class='ocrx_word' id='word_1_251' title='bbox 261 3143 374 3199; x_wconf 81' lang='lat' dir='ltr'>tiae</span> <span class='ocrx_word' id='word_1_252' title='bbox 406 3144 700 3199; x_wconf 86' lang='lat' dir='ltr'>durissima</span> <span class='ocrx_word' id='word_1_253' title='bbox 731 3143 1203 3213; x_wconf 84' lang='lat' dir='ltr'>interpretatione.</span> <span class='ocrx_word' id='word_1_254' title='bbox 1274 3160 1377 3213; x_wconf 86' lang='lat' dir='ltr'>ego</span> <span class='ocrx_word' id='word_1_255' title='bbox 1408 3147 1595 3199; x_wconf 87' lang='lat' dir='ltr'>autem</span> <span class='ocrx_word' id='word_1_256' title='bbox 1628 3145 1731 3203; x_wconf 86' lang='grc'>970</span> <span class='ocrx_word' id='word_1_257' title='bbox 1767 3144 1970 3200; x_wconf 87' lang='lat' dir='ltr'>leniter</span> 
     </span>
    </p>
   </div>
  </div>
 </body>
</html>
