2259 3550
1020 106 1112 158 xiv

309 243 412 291 522
461 255 578 307 sqq.
623 237 916 305 insigniter
963 236 1052 290 hic
1100 236 1311 291 fallitur
1358 237 1757 306 Lachmannus‚
1806 240 1915 310 qui,

205 325 486 376 522-528
511 321 664 376 uncis
688 321 922 388 inclusis,
947 320 1002 373 in
1029 327 1130 376 529
1162 338 1265 391 pro
1297 332 1585 374 VERSIBUS
1616 323 1755 392 legit
1775 342 1917 393 pro-

97 477 104 484 ·
207 409 290 460 tin
299 423 366 460 us
413 423 719 478 novamque
776 407 901 461 hinc
969 409 1346 476 quaestionem
1394 409 1636 478 coepisse
1704 410 1911 466 statuit.

205 495 380 547 locum
399 496 600 563 sanavi,
623 513 725 565 pro
750 509 1069 550 osTENDAM
1095 495 1383 550 scribendo
1407 496 1709 552 ostendam.
1735 496 1809 550 dc
1832 497 1915 550 his

205 586 391 636 autem
438 581 708 638 versibus
733 584 894 652 plene
935 583 1171 638 disserui
1216 582 1269 634 in
1318 597 1445 638 ann,
1484 581 1612 650 phil.
1655 580 1813 636 Cant.
1854 597 1915 636 1v

205 685 255 736 p.
285 673 384 722 143
409 685 528 738 sqq.
1706 717 1713 727 .

310 758 410 812 547
435 772 538 824 pro
573 767 820 809 summi*
852 768 1029 809 ocum
1066 755 1262 823 scripsi
1298 771 1528 810 curnam
1563 755 1666 810 hoc
1698 769 1913 822 quoque

208 840 310 894 uti.
384 840 716 898 mirabiliter
739 843 1125 897 Lachmannus
1149 841 1204 896 si
1226 841 1589 896 manticaeder.
1637 829 1643 833 ”

309 931 409 979 615
449 943 550 996 pro
588 940 846 981 INVENTI
874 941 1012 980 >SINT
1050 927 1431 982 Lachmannus
1468 927 1686 980 inverso
1721 927 1914 982 ordine

202 1011 322 1065 sim
345 1011 583 1069 inventi.

309 1104 586 1154 658—660
619 1101 714 1167 qui
747 1100 803 1153 in
834 1099 990 1152 libris
1023 1114 1244 1153 vorsum
1277 1103 1372 1152 651
1406 1102 1679 1164 secuntur,
1702 1101 1912 1167 primus

204 1183 310 1238 huc
332 1185 604 1239 transtuli.
651 1200 779 1238 nam
801 1187 1034 1253 apparet
1057 1185 1248 1250 itaque
1269 1183 1328 1237 in
1353 1187 1450 1236 661
1479 1182 1553 1236 ad
1579 1183 1678 1236 hos
1700 1185 1909 1240 referri.

309 1273 409 1327 674
444 1287 545 1338 pro
580 1281 952 1323 TRADUNTUR
987 1268 1179 1338 scripsi
1204 1268 1463 1322 condunt.
1533 1267 1911 1325 Lachmannus

202 1357 396 1411 celant.

305 1449 403 1498 681
448 1459 518 1497 nc
554 1459 720 1496 unam
760 1442 985 1511 quidem
1022 1441 1268 1496 litteram
1308 1437 1543 1493 mutavi:
1592 1437 1756 1492 aliter
1792 1443 1910 1493 tan-

201 1533 336 1597 tum,
369 1533 538 1599 atque
585 1529 774 1596 ceteri,
811 1528 1116 1582 orationem
1154 1525 1397 1581 distinxi.
1456 1540 1557 1594 pro
1600 1536 1910 1584 PLERAQUE

205 1615 584 1670 Lachmannus
599 1615 901 1683 pluraque.

308 1706 408 1755 693
465 1717 566 1770 pro
620 1709 774 1750 IDEM
832 1698 1160 1753 Lambinum
1208 1701 1430 1752 secutus
1478 1696 1657 1750 isdem
1704 1696 1907 1764 scripsi.

157 1808 162 1815 ·
204 1786 597 1854 Lachmannus,
639 1786 733 1854 qni
767 1784 998 1839 formam
1037 1786 1217 1838 isdem
1252 1801 1286 1837 a
1322 1782 1579 1838 Lucretio
1616 1780 1907 1848 abiudicat,

200 1889 302 1941 pro
325 1882 535 1924 NULLA
559 1870 752 1925 scribit
777 1871 940 1925 nulli.
1042 1912 1048 1921 .

308 1962 405 2015 719
440 1958 844 2027 ineptissimum
877 1960 964 2011 est
995 1967 1328 2023 QUAEDAM3
1362 1958 1551 2027 itaque
1580 1960 1909 2029 Bernaysius

201 2044 363 2111 hisce,
403 2044 595 2097 eadem
630 2059 732 2111 pro
770 2043 881 2110 his,
913 2044 1204 2111 quaedam,
1242 2045 1301 2096 et
1338 2044 1394 2096 in
1434 2044 1543 2099 fine
1583 2062 1771 2100 versus
1808 2063 1909 2115 pro

201 2140 387 2180 OMNIS
412 2128 547 2195 legit
572 2143 747 2181 omne.
791 2126 890 2180 sed
913 2143 1076 2179 omne
1099 2126 1359 2194 displicet
1382 2127 1461 2182 sic
1483 2130 1631 2183 nude
1654 2130 1905 2198 positum.

203 2215 580 2269 Lachmannus
597 2213 807 2267 omnia.
839 2213 960 2282 ipsc
985 2212 1178 2281 scripsi
1200 2211 1365 2281 hisce,
1389 2230 1454 2267 ea
1469 2230 1559 2268 res
1574 2230 1619 2269 r.
1640 2216 1691 2269 d.
1710 2216 1907 2269 omnis.

307 2304 407 2357 734
446 2316 549 2369 pro
601 2311 747 2359 QUE.
769 2342 778 2353 .
798 2310 1021 2350 comm:
1073 2296 1455 2353 Lachmannus
1503 2316 1611 2367 quo
1715 2302 1905 2355 colore.

199 2390 442 2440 cet-crum
467 2384 570 2438 loci
595 2400 833 2438 conexus
865 2387 925 2437 et
957 2383 1231 2438 sententia
1265 2383 1480 2452 flagitat
1515 2386 1907 2441 nominativum

200 2489 355 2545 quae.
382 2475 552 2539 nogat
575 2470 797 2539 quidem
823 2470 1202 2525 Lachmannus
1222 2470 1424 2525 inbuta
1446 2472 1688 2527 colorem
1713 2472 1908 2527 Latino

201 2558 309 2611 dici
332 2573 504 2626 posse.
556 2574 746 2612 verum
784 2558 1080 2627 enimvero,
1103 2574 1437 2627 quamquam
1473 2559 1657 2613 Latini
1692 2560 1908 2613 incocta

201 2642 498 2695 ruhorsbus
533 2641 804 2708 dicebant,
841 2642 1011 2695 semel
1046 2658 1212 2696 ausus
1247 2645 1335 2697 cst
1378 2640 1659 2711 Vergilius
1702 2642 1911 2709 Tyrios

201 2728 416 2780 incocta
471 2727 702 2781 rubores
756 2725 954 2781 dicere.
1031 2743 1131 2796 pro
1178 2738 1329 2779 NIVE
1388 2727 1543 2781 nefas
1594 2726 1726 2780 duxi
1776 2743 1909 2780 neve

202 2812 456 2866 scribere.
480 2813 538 2866 in
562 2826 631 2866 111
657 2818 758 2867 286
785 2811 850 2864 m·
872 2828 974 2881 pro
999 2828 1070 2867 ne
1092 2812 1311 2881 legitur.

306 2902 406 2955 785
429 2914 528 2967 pro
557 2910 772 2963 EXTRA,
797 2897 946 2966 quod
969 2898 1315 2967 aptissimum
1342 2897 1581 2964 videtur,
1606 2896 1906 2951 Lachman-

201 3002 305 3039 nus
327 3000 396 3039 ecc
417 2986 523 3040 Ῑιίε.

306 3077 406 3128 800
432 3073 645 3128 servavi
669 3072 933 3127 librorum
957 3072 1210 3139 rqfalqa.
1250 3070 1631 3125 Lachmannus
1654 3068 1903 3136 rcfulqit.

308 3165 408 3215 829
431 3177 532 3229 pro
555 3172 776 3212 Annum
799 3158 1006 3227 optimc
1031 3156 1406 3211 Wakcficldus
1428 3154 1661 3211 coniecit
1684 3161 1905 3211 ostrum
