2259 3550
16 293 49 340 β

18 2450 183 2606 s

181 2734 192 2748 “
275 2724 456 2778 nativo
489 2724 725 2793 primum
760 2724 1061 2792 consistere
1092 2738 1318 2790 corpore
1352 2726 1505 2775 creta
1923 2734 1977 2773 oo

288 104 401 161 122
1102 103 1160 156 V

280 205 481 275 quidve
515 206 818 275 tripectora
852 205 1143 272 tergemini
1177 205 1260 258 vis
1295 206 1567 274 Geryonai

212 374 255 405 ³⁰
280 322 447 412 tanto
471 323 637 426 opere
673 323 951 411 officerent
984 322 1140 411 nobis
1176 323 1514 427 Stymphala·
1529 324 1787 428 colentcS,
1877 420 1884 426 ¹

211 447 255 480 ²⁹
280 437 339 488 et
379 432 658 487 Diomedis
693 433 817 502 equi
852 434 1123 502 spirantes
1159 433 1382 486 naribus
1416 435 1596 502 ignem
1932 449 1987 488 3ο

280 509 503 562 Thracis
541 509 920 578 Bistoniasque
956 509 1146 578 plagas
1181 513 1347 576 atque
1385 511 1598 564 Ismara
1632 513 1893 581 propter?

278 601 549 654 aureaque
588 583 958 654 Hesperidum
994 601 1218 638 servans
1253 585 1516 656 fulgentia
1551 588 1707 655 mala,

278 679 453 731 asper,
488 662 685 716 acerba
722 665 891 726 tuens,
928 661 1151 714 immani
1187 671 1416 735 corpcm
1451 679 1674 732 serpens

278 737 489 792 arboris
523 739 806 807 amplexus
844 738 1074 807 stirpem
1089 738 1244 806 -quid
1263 738 1516 807 -dei'fique
1552 740 1770 794 obesset

276 819 502 882 propter
541 815 861 869 Atlanteum
894 815 1025 868 litus
1060 815 1360 883 pelageque
1396 832 1601 883 severa,
1929 831 1982 870 35

278 908 385 958 quo
418 908 593 960 neque
627 895 814 944 noster
848 890 966 944 adit
1000 890 1287 964 quisquam
1319 909 1422 946 nec
1455 892 1724 946 barbarus
1755 893 1961 948 audet?

278 966 462 1021 cetera
498 966 568 1021 de
604 983 805 1034 genere
839 967 943 1020 hoc
978 983 1119 1034 quae
1156 971 1282 1020 sunt
1317 971 1572 1036 portenta
1605 971 1908 1038 perempta,

278 1042 357 1096 sei
392 1057 499 1096 non
534 1045 678 1097 victa
710 1044 907 1108 forent,
944 1042 1078 1111 quid
1111 1043 1339 1097 tandem
1374 1045 1497 1098 viva
1531 1045 1830 1099 nocerent?

276 1119 368 1186 nil,
404 1122 467 1173 ut
506 1120 724 1188 opinor:
760 1119 839 1172 ita
873 1118 946 1172 ad
982 1118 1236 1172 satiatem
1273 1123 1425 1174 terra
1457 1120 1698 1173 ferarum

277 1211 420 1250 nunc
454 1196 621 1250 etiam
656 1195 821 1249 scatit
855 1198 915 1249 et
948 1194 1168 1262 trepido
1203 1199 1416 1250 terrore
1454 1196 1664 1264 repleta
1697 1201 1784 1252 est
1928 1211 1979 1252 40

278 1285 380 1339 per
411 1288 635 1325 nemora
669 1289 732 1325 ac
766 1275 979 1325 montes
1013 1288 1238 1338 magnos
1275 1271 1545 1340 silvasque
1580 1273 1907 1342 profundas3

280 1348 571 1418 quaeloca
604 1348 813 1402 vitandi
848 1348 1170 1416 plerumque
1207 1351 1292 1402 est
1326 1351 1514 1402 nostra
1548 1354 1804 1418 potestas.

280 1426 340 1478 at
374 1411 474 1477 nisi
508 1428 855 1496 purgatumst
890 1419 1098 1499 pectus,
1129 1440 1275 1492 quae
1309 1425 1516 1492 proelia
1550 1426 1705 1479 nobis

280 1505 445 1568 atque
478 1501 720 1569 pericula
754 1503 931 1555 tumst
964 1499 1193 1568 ingratis
1229 1500 1641 1554 insinuandum!

279 1580 515 1645 quantae
551 1581 668 1630 tum
705 1571 959 1630 scindunt
993 1577 1266 1631 hominem
1301 1578 1620 1646 cuppedinis
1653 1595 1806 1633 acres
1927 1596 1977 1632 ⁶55

280 1655 565 1709 sollicitum
599 1671 760 1707 curae
795 1654 1091 1721 quantique
1126 1653 1356 1721 perinde
1391 1655 1640 1708 timores!

278 1729 477 1798 quidve
512 1729 766 1799 superbia
802 1729 1061 1799 spurcitia
1098 1747 1161 1784 ac
1195 1730 1533 1799 petulantia?
1569 1733 1804 1800 quantas

278 1806 519 1859 efficiunt
554 1806 761 1859 clades!
802 1806 933 1874 quid
969 1806 1127 1859 luxus
1165 1806 1546 1875 desidiaeque?

278 1883 412 1937 haec
446 1882 617 1951 igitur
652 1882 744 1951 qui
780 1886 975 1937 cuncta
1011 1882 1290 1949 subegerit
1325 1899 1394 1935 ex
1429 1884 1715 1952 animoque

279 1959 551 2028 expulerit
586 1958 761 2025 dictis,
799 1975 905 2011 non
940 1960 1121 2022 armis,
1160 1974 1334 2011 nonne
1371 1959 1593 2027 decebit
1926 1976 1974 2014 50

276 2036 420 2090 hunc
454 2035 725 2089 hominem
762 2051 987 2092 numero
1022 2034 1202 2088 divom
1241 2034 1518 2101 dignarier
1552 2038 1711 2091 esse?

278 2129 402 2166 cum
435 2112 577 2167 bene
610 2112 933 2181 praesertim
968 2111 1142 2164 multa
1177 2128 1239 2164 ac
1275 2111 1536 2166 divinitus
1571 2114 1704 2183 ipsis

275 2188 657 2242 immortalibu’
696 2187 766 2240 de
802 2188 940 2241 divis
976 2187 1109 2241 dare
1146 2186 1296 2257 dieta
1332 2188 1506 2242 suerit

202 2284 259 2347 Α,
277 2269 443 2334 atque
478 2281 689 2319 omnem
725 2280 909 2317 rerum
942 2267 1196 2317 naturam
1231 2254 1486 2332 pandere⁴
1513 2264 1689 2319 dictis,

16 2343 201 2497 W

154 2418 168 2455 ι

348 2339 514 2396 Cuius
549 2357 651 2409 ego
686 2341 965 2407 ingressus
1000 2340 1231 2407 vestigia
1267 2339 1398 2393 dum
1434 2340 1674 2395 rationes
1927 2357 1978 2394 55

276 2434 578 2487 persequor
610 2434 673 2471 ac
710 2416 879 2470 doceo
916 2416 1091 2484 dictis,
1128 2432 1236 2484 quo
1271 2431 1520 2485 quaeque
1555 2420 1742 2472 creata

276 2495 496 2549 foedere
532 2494 656 2561 sint,
690 2494 745 2547 in
781 2510 846 2546 eo
882 2509 1044 2561 quam
1082 2493 1154 2545 sit
1190 2492 1390 2545 durare
1425 2510 1709 2547 necessum

276 2588 377 2625 nec
411 2570 617 2623 validas
650 2570 867 2623 valeant
903 2569 1021 2621 aevi
1057 2569 1371 2623 rescindere
1405 2568 1569 2637 legeS‚
1865 2634 1872 2643 .

262 2662 383 2717 ,quo
417 2662 617 2715 genere
651 2646 707 2710 in
743 2646 932 2715 primis
968 2645 1132 2698 animi
1171 2648 1364 2699 natura
1399 2650 1624 2714 reperta
1657 2646 1745 2699 est

276 2817 375 2855 nec
408 2816 568 2869 posse
602 2799 886 2854 incolumis
919 2816 1176 2868 magnum
1215 2800 1414 2850 durare
1449 2811 1550 2867 per
1583 2812 1790 2863 aevom,

37 2871 44 2880 '
86 2933 94 2942 ,
274 2878 373 2933 sed
406 2876 694 2931 simulacra
729 2876 903 2932 solere
936 2877 992 2930 in
1030 2876 1231 2930 somnis
1267 2873 1453 2927 fallere
1487 2876 1744 2941 mentem,

274 2970 499 3008 cernere
532 2970 657 3008 cum
692 2953 975 3007 videamur
1010 2970 1136 3007 eum
1173 2970 1335 3021 quem
1370 2948 1485 3004 vita
1518 2948 1754 3017 reliquit,

272 3029 422 3097 quod
457 3033 722 3099 superest,
757 3047 899 3084 nunc
933 3031 1040 3083 huc
1075 3028 1304 3083 rationis
1340 3027 1541 3081 detulit
1577 3025 1726 3090 ordo,

244 3109 337 3166 ,ut
371 3106 503 3158 mihi
536 3106 755 3161 mortali
792 3107 1087 3160 consistere
1123 3119 1351 3173 corpore
1385 3102 1648 3155 mundum
1925 3115 1978 3153 85

185 3225 194 3233 .
275 3182 620 3250 nativomque
656 3183 811 3234 simul
849 3184 989 3235 ratio
1025 3180 1315 3235 reddunda
1350 3178 1423 3231 sit
1457 3194 1606 3235 esse:
