2259 3550
38 1530 219 1911 {3⁶

264 111 373 166 144
1069 104 1140 162 V.

251 211 412 264 nixus
446 212 501 264 in
537 211 640 264 hoc
675 229 783 266 uno
816 216 1077 270 novitatis
1112 213 1332 266 nomine
1367 209 1528 278 inani,

252 287 428 342 multa
460 285 594 339 licet
626 286 789 338 simili
824 290 1035 342 ratione
1072 286 1289 342 effutiat
1324 305 1433 355 ore,
1875 306 1950 344 910

254 381 419 418 aurea
454 367 575 416 tum
610 362 761 416 dicat
794 381 895 432 per
931 368 1107 420 terras
1145 365 1370 420 flumina
1405 363 1568 432 vulgo

252 440 476 494 fluxisse
512 442 570 494 et
603 441 833 507 gemmis
869 440 1063 495 florere
1096 441 1324 494 arbusta
1361 441 1546 494 sue‘sse

251 520 350 570 aut
382 515 655 570 hominem
690 519 845 571 tanto
882 518 1252 571 membrorum
1287 533 1408 570 esse
1443 516 1652 584 impete
1687 521 1894 583 natum,

252 596 405 646 trans
440 591 611 644 maria
646 591 757 645 alta
792 593 997 662 pedum
1034 593 1184 646 nisus
1221 596 1286 646 ut
1319 608 1523 661 ponere
1557 597 1742 660 posset

254 672 312 723 et
347 667 597 722 manibus
634 671 813 722 totum
850 669 1053 723 circum
1094 687 1153 722 se
1189 671 1406 722 vertere
1441 668 1666 722 caelum.
1888 681 1962 724 91⁵

252 762 377 799 nam
414 744 563 814 quod
597 745 771 799 multa
804 745 959 798 fuere
994 745 1052 798 in
1088 745 1254 798 terris
1289 743 1497 798 semina
1531 761 1716 798 rerum

250 828 500 891 tempore
534 838 642 892 quo
676 821 911 889 primum
947 821 1112 876 tellus
1149 821 1400 874 animalia
1433 819 1595 889 fudit,

251 898 327 950 nil
364 903 551 951 tamen
586 900 673 950 est
708 897 849 965 signi
886 898 1089 952 mixtas
1125 897 1371 966 potuisse
1407 897 1582 950 creari

249 971 397 1027 inter
432 990 492 1028 se
525 973 766 1043 pecudes
801 977 1192 1042 compactaque
1226 973 1474 1026 membra
1509 973 1859 1038 animantum,

248 1053 543 1119 propterea
565 1050 693 1118 quia
716 1066 857 1118 quae
882 1050 952 1103 de
976 1050 1141 1104 terris
1165 1066 1307 1103 nunc
1331 1065 1550 1117 quoquo
1574 1049 1855 1102 abundant
1889 1063 1964 1101 930

250 1126 543 1180 herbarum
579 1143 783 1194 genera
816 1143 879 1180 ac
914 1127 1103 1194 fruges
1139 1125 1476 1193 arbustaque
1512 1126 1658 1179 laeta

250 1217 357 1256 11011
392 1205 577 1256 tamen
612 1203 757 1256 inter
794 1219 853 1256 se
888 1207 1118 1271 possunt
1153 1202 1434 1269 complexa
1462 1201 1652 1267 creari,

252 1278 351 1332 sed
384 1295 474 1331 res
509 1295 757 1347 quaeque
794 1295 889 1332 suo
926 1279 1038 1332 ritu
1072 1277 1326 1346 procedit
1361 1281 1420 1331 et
1455 1293 1642 1330 omnes

248 1354 471 1408 foedere
507 1358 735 1408 naturae
772 1359 924 1408 certo
962 1353 1276 1408 discrimina
1311 1357 1544 1406 servant.

321 1431 403 1484 At
436 1447 608 1498 genus
638 1431 934 1484 humanum
970 1430 1145 1484 multo
1180 1429 1284 1482 fuit
1318 1429 1457 1483 illud
1489 1428 1548 1482 in
1582 1429 1726 1482 arvis
1885 1445 1960 1482 925

250 1507 454 1574 durius,
491 1511 556 1560 ut
591 1507 790 1574 decuit,
828 1506 991 1560 tellus
1027 1506 1173 1574 quod
1211 1505 1350 1558 dura
1385 1509 1642 1572 creasset,

248 1587 307 1638 et
341 1583 634 1636 maioribus
670 1587 727 1636 et
764 1583 949 1636 solidis
984 1583 1160 1650 magis
1197 1582 1406 1636 ossibus
1441 1581 1590 1636 intus

245 1659 551 1724 fundatum,
586 1659 777 1712 validis
813 1662 1003 1728 aptum
1038 1676 1140 1728 per
1173 1661 1380 1712 viscera
1413 1659 1609 1724 nerviS,

249 1751 349 1791 1100
385 1735 541 1789 facile
578 1751 645 1789 ex
682 1738 840 1789 aestu
873 1751 975 1789 nec
1010 1735 1214 1803 frigore
1251 1733 1398 1803 quod
1434 1737 1726 1803 caperetur

248 1828 347 1867 1100
384 1811 627 1865 novitate
662 1811 769 1863 cibi
805 1828 904 1864 1100
941 1812 1051 1864 labi
1090 1812 1330 1880 corporis
1365 1810 1491 1865 ulla.
1705 1826 1715 1835 ·
1880 1826 1959 1865 900

249 1889 528 1956 multaque
562 1904 665 1957 per
699 1886 911 1941 caelum
946 1889 1075 1941 solis
1112 1888 1384 1942 volventia
1408 1887 1596 1947 ,lustra

250 1965 527 2033 volgivago
564 1964 735 2018 vitam
769 1964 1086 2018 tractabant
1121 1981 1272 2017 more
1308 1964 1562 2017 ferarum.

249 2057 349 2096 1100
384 2041 641 2094 robustus
678 2045 799 2095 erat
834 2041 986 2095 curvi
1022 2040 1336 2093 moderator
1371 2039 1542 2093 aratri

248 2118 551 2187 quisquam,
589 2134 688 2170 1100
724 2117 900 2171 scibat
934 2118 1079 2169 ferro
1116 2116 1358 2169 molirier
1393 2131 1524 2170 arva

247 2211 349 2247 nec
384 2209 521 2246 nova
558 2192 818 2246 defodere
852 2193 909 2245 in
947 2196 1154 2246 terram
1190 2192 1428 2260 virgulta
1461 2208 1642 2261 neque
1675 2191 1802 2247 altis
1877 2207 1955 2247 9:35

248 2268 533 2323 arboribus
569 2272 784 2323 veteres
820 2268 1077 2323 decidere
1113 2267 1328 2321 falcibu'
1371 2285 1565 2322 ramos.

248 2346 396 2415 quod
434 2345 513 2399 sol
548 2348 716 2413 atque
751 2344 957 2399 imbres
994 2345 1280 2413 dederant,
1317 2345 1468 2414 quod
1502 2348 1653 2399 terra
1687 2346 1902 2397 crearat

249 2426 443 2491 sponte
480 2438 591 2489 sua,
628 2421 763 2475 satis
796 2420 857 2474 id
890 2421 1146 2490 placabat
1181 2424 1408 2490 pectora
1443 2421 1660 2483 donum.

246 2497 579 2567 glandiferas
614 2497 763 2550 inter
797 2497 1064 2552 curabant
1098 2514 1328 2567 corpora
1363 2513 1596 2566 quercus

248 2574 600 2643 plerumque3
636 2576 695 2625 et
730 2584 869 2641 quae
906 2591 1049 2628 1111110
1083 2574 1310 2627 hiberno
1348 2577 1596 2641 tempore
1631 2572 1808 2626 cernis
1873 2584 1964 2631 011),

248 2648 428 2703 arbita
460 2649 689 2716 puniceo
725 2649 845 2701 fieri
882 2654 1097 2703 matura
1134 2650 1328 2717 colore,

244 2726 479 2795 plurima
512 2730 630 2778 tum
666 2724 829 2779 tellus
864 2726 1031 2779 etiam
1066 2726 1272 2779 maiora
1304 2726 1530 2781 ferebat.

246 2802 526 2870 multaque
560 2804 849 2871 praeterea
882 2802 1096 2856 novitas
1130 2806 1251 2856 tum
1287 2803 1480 2855 florida
1513 2800 1702 2855 mundi

243 2878 446 2947 pabula
480 2876 619 2932 dura
652 2878 798 2945 tulit,
834 2879 1048 2933 miseris
1082 2879 1404 2933 mortalibus
1439 2877 1634 2946 ampla.

243 2957 305 3008 at
340 2954 535 3008 sedare
570 2955 717 3008 sitim
752 2953 903 3009 fluvii
937 2956 1227 3024 fontesque
1261 2954 1542 3021 vocabant,
1876 2969 1951 3009 945

240 3030 307 3081 ut
339 3045 484 3082 nunc
518 3030 795 3083 montibus
830 3047 863 3084 e
896 3031 1108 3098 magnis
1145 3031 1406 3084 decursus
1441 3029 1602 3097 aquai

242 3102 405 3156 claru’
444 3104 581 3157 citat
613 3106 727 3159 late
762 3105 1003 3159 sitientia
1038 3106 1216 3158 saecla
1249 3107 1504 3157 ferarum.

245 3176 483 3245 denique
518 3182 647 3231 nota
680 3180 803 3246 vagi
838 3178 1110 3233 silvestria
1143 3179 1350 3245 templa
1385 3178 1646 3233 tenebant
