2259 3550
242 113 317 170 46
1060 113 1127 168 II

238 213 520 272 munificat
554 214 725 268 tacita
761 213 1006 267 mortalis
1042 218 1196 268 muta
1230 215 1420 284 salute,
1739 243 1741 245 ·
1874 231 1947 270 626

240 307 366 343 aere
401 292 567 358 atque
603 293 830 357 argento
867 294 1119 343 sternunt
1155 290 1264 344 iter
1298 307 1458 346 omne
1492 291 1701 347 viarum

239 365 481 432 largifica
517 366 661 434 stipe
697 365 937 419 ditantes
973 366 1312 436 ninguntque
1348 384 1594 422 rosarum

238 441 462 494 floribus
499 442 814 494 umbrantes
849 446 1083 496 matrem
1120 443 1487 512 comitumque
1523 453 1783 500 catervas.

237 517 325 570 hic
362 520 572 570 armata
607 515 811 586 manua
851 519 1080 571 Curetas
1116 519 1332 572 nomine
1369 519 1498 574 Grai

238 610 372 660 quos
397 597 701 648 memorant
729 594 1007 662 PhrygiOS,
1029 595 1175 648 inter
1198 611 1256 648 se
1281 595 1424 650 forte
1447 598 1601 663 quod
1619 599 1806 652 armis
1876 614 1948 652 636

237 669 434 722 ludunt
469 669 525 722 in
564 686 959 738 numerumque
996 670 1247 724 exultant
1283 673 1680 740 sanguinolenti

162 741 173 762 ³
237 746 502 799 terrificas
541 746 783 816 capitum
821 747 1132 814 quatientes
1169 744 1404 800 momine
1441 749 1650 818 crista&

242 823 496 876 Dictaeos
532 824 779 875 referunt
820 822 1049 876 Curetas
1086 823 1179 890 qui
1217 823 1364 876 Iovis
1399 825 1550 878 illum

120 943 132 963 ,
143 840 237 1074 l
238 899 421 966 vagitu
429 917 479 950 m
515 899 571 951 in
610 898 774 951 Creta
811 898 1083 965 quondam
1120 899 1420 953 occultasse
1454 901 1718 970 feruntur,

61 999 91 1034 ,·
140 1029 147 1034 ,
240 992 363 1027 eum
398 974 556 1044 pueri
594 975 797 1027 circum
832 991 1065 1042 puerum
1101 975 1322 1044 pernice
1359 976 1554 1031 chorea
1878 991 1950 1031 635

74 1046 83 1054 '
130 1069 154 1106 t
240 1053 467 1106 armatei
502 1051 559 1103 in
594 1067 879 1104 numerum
916 1051 1202 1119 pulsarent
1239 1053 1454 1106 aeribus
1489 1071 1630 1122 aera,

239 1146 309 1182 ne
346 1129 611 1182 Saturnus
648 1144 773 1181 eum
809 1127 964 1180 malis
1002 1127 1290 1182 mandaret
1324 1129 1558 1199 adeptus

240 1209 629 1272 aeternumque
667 1201 845 1258 daret
863 1204 1026 1256 matri
1067 1203 1168 1256 sub
1202 1208 1427 1273 pectore
1463 1208 1665 1261 volnuS.

238 1284 532 1351 propterea
566 1298 820 1349 magnam
859 1281 1054 1333 armati
1094 1284 1327 1334 matrem
1365 1283 1710 1350 comitantur,
1879 1297 1951 1336 640

240 1362 337 1413 aut
371 1359 497 1425 quia
533 1358 839 1425 significant
878 1357 1057 1408 clivam
1094 1357 1412 1426 praedicere
1447 1363 1511 1412 ut
1543 1360 1708 1412 armis

182 1502 190 1508 ι
241 1452 305 1488 ac
339 1437 543 1488 virtute
581 1433 749 1487 velint
784 1433 1018 1502 patriam
1056 1432 1353 1487 defendere
1388 1438 1590 1488 terram

282 1511 621 1580 raesidioque
658 1515 856 1579 parent
892 1509 1182 1576 decorique
1219 1511 1536 1578 parentibus
1573 1528 1705 1564 esse.

13 1593 167 1676 athyr
259 1605 379 1656 luae
414 1587 553 1640 bene
591 1590 648 1640 et
684 1585 879 1640 eximie
914 1586 1161 1652 quamvis
1199 1586 1443 1655 disposta
1477 1589 1736 1654 ferantur,

12 1680 189 1752 RE·
263 1680 401 1732 onge
443 1667 569 1716 s1mt
607 1666 796 1716 tamen
832 1679 864 1713 a
898 1677 1028 1714 vera
1064 1661 1277 1715 ratione
1313 1664 1544 1732 repulsa.
1881 1679 1952 1717 615

24 1749 200 1879 ξω
278 1741 415 1795 mnis
454 1740 597 1793 enim
632 1755 733 1807 per
768 1755 827 1793 se
864 1737 1043 1792 divom
1078 1741 1276 1792 natura
1309 1744 1582 1794 necessest
1581 1729 1632 1987 l

356 1817 515 1870 ortali
552 1834 684 1869 aevo
722 1832 933 1868 summa
969 1833 1092 1869 cum
1128 1832 1264 1885 pace
1299 1816 1514 1869 fruatur

304 1896 452 1947 mota
490 1892 559 1945 ab
593 1893 794 1946 nostris
830 1890 994 1945 rebus
1032 1892 1385 1959 seiunctaque
1422 1893 1579 1961 longe

280 1988 367 2023 am
403 1971 617 2039 privata
655 1968 843 2021 dolore
879 1968 1039 2035 omni,
1077 1968 1292 2036 privata
1327 1968 1558 2037 pericliS‚

241 2050 361 2117 ipsa
396 2048 507 2099 suis
543 2045 753 2115 pollens
792 2044 999 2113 opibus,
1035 2045 1109 2097 nil
1145 2044 1328 2111 indiga
1367 2046 1554 2109 nostri,
1883 2060 1954 2099 650

242 2142 341 2178 nec
376 2125 515 2177 benc
550 2121 864 2191 promeritis
904 2122 1119 2189 capitur
1158 2137 1332 2188 neque
1370 2122 1611 2189 tangitur
1647 2123 1742 2175 ira.

16 2223 59 2280 Ἀ
242 2201 329 2254 hic
366 2200 532 2269 siquis
569 2216 718 2251 maro
759 2198 1078 2265 Neptunum
1122 2196 1486 2266 Cereremque
1522 2214 1714 2250 vocare

12 2218 524 2535 ffinstituit
560 2276 745 2342 fruges
782 2278 840 2327 et
880 2273 1081 2327 Bacchi
1120 2274 1334 2327 nomine
1371 2273 1521 2326 abuti

12 2376 214 2425 Μαι

12 1860 31 1879 Γ

13 1895 22 1905 2

14 1865 233 2034 aa

300 2354 446 2407 avolt
483 2368 645 2421 quam
681 2351 857 2404 laticis
895 2350 1178 2418 proprium
1216 2350 1460 2418 proferre
1496 2366 1767 2417 vocamen,

12 2418 225 2485 mm
275 2430 599 2484 oncedamus
635 2431 699 2481 ut
733 2428 819 2480 hic
856 2430 1127 2480 terrarum
1167 2424 1385 2480 dictitet
1422 2425 1604 2479 orbem
1885 2440 1955 2478 655

244 2524 362 2561 esse
400 2506 563 2559 deum
599 2508 849 2571 matrem,
887 2502 1015 2555 dum
1056 2520 1187 2556 vcra
1223 2519 1282 2555 rc
1319 2505 1501 2555 tamen
1538 2502 1654 2570 ipse

150 2597 217 2628 ⁰8⁰
242 2582 503 2650 religione
542 2582 778 2633 animum
813 2580 963 2647 turpi
1002 2579 1316 2646 contingere
1355 2582 1558 2648 parcat.

150 2677 215 2709 652
241 2663 393 2712 terra
428 2657 645 2724 quidem
682 2673 809 2709 vcro
848 2661 999 2709 caret
1038 2654 1184 2707 omni
1220 2658 1468 2723 tempore
1503 2670 1676 2720 sensu,

244 2740 300 2789 et
336 2736 461 2803 quia
495 2733 790 2785 multarum
831 2732 1040 2800 potitur
1076 2730 1376 2801 primordia
1410 2746 1607 2796 rerum,

244 2812 414 2865 multa
448 2810 623 2862 modis
660 2808 846 2862 multis
896 2808 1055 2861 effert
1089 2808 1146 2859 in
1187 2806 1392 2860 lumina
1427 2807 1565 2860 solis
1887 2820 1959 2858 660

151 2901 219 2933 ⁶⁶⁰
314 2888 488 2957 Saepe
525 2888 711 2956 itaque
750 2904 818 2939 cx
854 2902 960 2938 uno
999 2885 1294 2938 tondentes
1329 2883 1575 2951 gramina
1610 2898 1800 2951 campo

180 2981 193 2998 ⁵
208 2966 517 3031 ⁴[danigerae
556 2964 797 3031 pecudes
834 2966 891 3015 et
928 2978 1191 3028 equorum
1232 2959 1466 3013 duellica
1499 2958 1683 3028 proles

244 3040 613 3107 buceriaeque
648 3056 843 3107 greges
880 3039 1073 3091 eodem
1112 3038 1212 3091 sub
1251 3036 1492 3103 tegmine
1528 3033 1664 3088 caeli

219 3149 229 3160 ,
287 3148 289 3151 >
354 3132 569 3183 unoque
608 3116 757 3168 sitim
796 3114 1051 3167 sedantes
1088 3113 1310 3165 flumine
1345 3112 1502 3179 aquai

365 3190 498 3244 imili
538 3191 721 3243 vivont
757 3190 936 3259 specie
972 3190 1323 3257 retinentque
1359 3190 1650 3257 parentum
1890 3200 1960 3238 665
