2259 3550
249 111 324 166 34
1062 102 1132 165 Π

242 209 547 265 convestire
583 225 680 262 sua
713 204 1047 277 perfundens
1080 204 1262 257 omnia
1297 203 1431 270 luce,

20 295 39 340 Γ
80 305 95 312 -
112 303 225 345 aas*
243 285 494 340 omnibus
526 285 583 338 in
618 285 881 355 promptu
912 280 1370 348 manifestumque
1402 295 1524 334 esse
1559 280 1819 336 videmus.

243 366 304 416 at
338 378 506 431 vapor
538 361 585 414 is
620 376 783 430 quem
819 359 899 414 sol
934 358 1113 412 mittit
1148 356 1443 424 lumenque
1478 373 1728 411 serenum
1880 372 1953 412 150

30 478 38 486 -
61 460 70 473 ⁴
95 462 161 478 ν-
242 454 350 492 11011
384 454 487 507 per
518 438 677 491 inane
712 439 861 490 meat
894 450 1156 499 vacuum3
1189 449 1298 500 quo
1331 433 1544 487 tardius
1577 435 1660 490 ire

39 505 187 596 μζ
209 511 223 541 ’·
237 515 471 582 cogitur,
506 513 684 568 aerias
719 513 872 578 quasi
905 511 1038 564 dum
1073 509 1386 564 diverberet
1419 510 1608 572 undas.

66 587 85 598 ⁸
243 607 344 644 nec
382 589 693 657 singillatim
730 587 1051 658 corpuscula
1086 601 1334 654 quaeque
1369 588 1584 654 vaporis

21 679 39 716 'J
88 653 191 701 ’ΜΛ
208 671 241 739 ζ
243 666 344 720 sed
378 665 661 734 complexa
694 666 879 718 meant
912 664 1059 716 inter
1094 679 1154 716 se
1191 678 1398 730 conque
1432 663 1684 730 globata-3

21 751 41 782 ἰ
73 761 88 772 ’
121 739 579 826 ‘ffilquapropter
614 740 775 794 simul
810 740 956 794 inter
990 756 1050 793 se
1085 737 1444 792 retrahuntur
1477 741 1537 792 et
1569 742 1729 793 extra
1881 755 1952 793 155

41 809 67 832 ’“
84 811 164 835 ³⁸³*
244 817 565 885 officiuntur,
601 817 683 871 uti
720 820 983 886 cogantur
1018 815 1232 869 tardius
1267 814 1361 868 ire.

243 897 305 948 at
340 910 479 962 quae
516 897 645 948 sunt
680 893 853 947 solida
887 891 1186 962 primordia
1219 890 1585 960 simplicitate,

244 986 368 1023 cum
404 987 508 1039 per
541 970 701 1023 inane
736 973 925 1023 meant
958 983 1188 1022 vacuum
1223 983 1324 1020 nec
1360 983 1448 1020 res
1484 970 1792 1021 remoratur

242 1046 355 1099 ulla
388 1046 521 1099 foris
556 1049 724 1115 atque
760 1046 895 1115 ipsa,
930 1044 1043 1098 suis
1079 1060 1112 1097 e
1147 1042 1396 1112 partibus
1433 1058 1556 1110 una,

243 1139 411 1175 unum
449 1123 504 1175 in
539 1139 703 1191 quem
737 1137 968 1190 coepere
1001 1120 1180 1175 locum
1215 1120 1408 1173 conixa
1442 1119 1707 1187 feruntur,
1881 1133 1952 1173 ιω

244 1199 451 1252 debent
487 1199 739 1252 nimirum
777 1197 1107 1267 praecellere
1142 1195 1447 1249 mobilitate

244 1278 303 1328 et
337 1276 511 1329 multo
545 1275 710 1329 citius
744 1274 875 1327 ferri
910 1290 1073 1342 quam
1107 1273 1312 1326 lumina
1347 1272 1476 1325 solis

244 1350 640 1419 multiplexque
675 1350 778 1403 loci
815 1351 1051 1419 spatium
1086 1351 1460 1402 transcurrere
1493 1347 1688 1401 eodem

241 1430 496 1510 tempore
527 1442 634 1493 quo
668 1425 795 1479 solis
829 1425 1152 1494 pervolgant
1183 1423 1403 1491 fulgura
1435 1422 1658 1477 caelum.
1701 1467 1712 1482 ,

18 1475 97 1552 lu?
138 1547 178 1561 ,,
241 1491 623 1556 dlx-mm
657 1487 867 1546 emmo„
894 1481 1355 1568 &numnquam
1402 1483 1721 1534 μείω

18 1517 368 1874 &nec
403 1560 703 1628 persectari
739 1560 1036 1629 primordia
1070 1559 1281 1626 singula
1315 1575 1573 1628 quaeque,
1881 1571 1953 1610 186

283 1639 310 1690 t
344 1636 573 1690 videant
608 1652 717 1704 qua.
750 1636 982 1704 quicque
1016 1640 1242 1702 geratur
1277 1651 1399 1688 cum
1434 1635 1659 1688 ratione.

16 1698 175 1760 m
278 1714 412 1764 -At—
436 1711 663 1781 quidam
696 1714 892 1765 contra
923 1711 1630 1780 hmrjgxwmateriair,

16 1767 57 1839 l»
285 1792 498 1841 aturam
533 1805 641 1841 non
676 1804 837 1857 posse
873 1787 1039 1841 deum
1077 1788 1194 1841 sine
1229 1788 1451 1841 numine
1489 1788 1722 1843 credunt

246 1866 403 1919 tanto
440 1879 605 1933 opere
641 1864 889 1919 humanis
925 1864 1228 1918 rationibus
1264 1863 1621 1918 admoderate
1703 1902 1718 1913 .

245 1944 495 2009 tempora
528 1943 743 1993 mutare
778 1956 1039 1993 annorum
1075 1940 1370 2008 frugesque
1393 1956 1594 2006 creare,
1881 1956 1952 1997 150

246 2019 306 2070 et
338 2016 447 2069 iam
483 2020 682 2083 cetera,
720 2016 967 2070 mortalis
1002 2032 1144 2084 quae
1180 2015 1376 2069 suadet
1410 2015 1564 2070 adire

245 2092 471 2161 ipsaque
507 2092 731 2146 deducit
766 2092 880 2145 dux
914 2092 1063 2147 vitae
1098 2092 1192 2145 dia
1224 2091 1475 2159 voluptas

245 2172 305 2222 et
338 2184 429 2223 res
461 2185 563 2238 per
599 2169 832 2223 Veneris
867 2168 1151 2222 blanditur
1188 2167 1365 2221 saecla
1398 2171 1719 2236 propagent,

244 2262 315 2299 ne
346 2261 518 2313 genus
553 2246 767 2299 occidat
801 2244 1111 2298 humanum.
1147 2260 1378 2312 quorum
1415 2245 1597 2297 omnia
1630 2259 1792 2297 causa

244 2321 589 2375 constituisse
625 2322 758 2374 deos
792 2338 915 2375 cum
952 2321 1179 2389 fingunt,
1218 2319 1452 2374 omnibu’
1488 2320 1652 2374 rebus
1879 2335 1951 2375 175

244 2414 442 2466 magno
477 2414 643 2468 opere
677 2415 709 2451 a
745 2415 874 2452 vera
908 2397 1048 2467 lapsi
1084 2397 1294 2450 ratione
1328 2396 1597 2451 videntur.

242 2491 371 2528 nam
406 2475 651 2541 quamvis
687 2492 870 2529 rerum
905 2475 1150 2543 ignorem
1188 2473 1486 2543 primordia
1518 2490 1658 2542 quae
1693 2474 1817 2540 sint,

244 2550 345 2605 hoc
380 2554 564 2605 tamen
601 2568 670 2604 ex
705 2551 840 2620 ipsis
875 2550 1009 2604 caeli
1045 2550 1347 2604 rationibus
1381 2550 1553 2603 ausim

246 2626 567 2679 confirmare
602 2626 827 2693 aliisque
862 2643 929 2679 ex
966 2626 1129 2679 rebus
1166 2625 1399 2679 reddere
1435 2625 1634 2689 multiS,

21 2704 586 2770 wnequaquam
621 2700 775 2755 nobis
812 2701 1070 2755 divinitus
1104 2718 1225 2755 esse
1260 2705 1499 2755 creatam
1879 2716 1952 2754 iso

30 2780 75 2857 L
93 2772 180 2828 ΨΦ
244 2780 498 2831 naturam
533 2776 745 2831 mundi:
785 2783 945 2830 tanta
978 2784 1089 2831 stat
1123 2777 1377 2846 praedita
1412 2776 1584 2845 culpa.

24 2851 45 2860 ⁸
116 2912 135 2925 ρ
162 2864 227 2898 υ*
246 2870 387 2921 quae
423 2854 528 2907 tibi
562 2854 849 2922 posterius,
889 2853 1129 2921 Memmi,
1168 2854 1427 2909 faciemus
1461 2855 1666 2921 aperta.

86 2904 391 3011 t(;'‘‡,‘'‘<’nunc
424 2930 484 2984 id
519 2931 667 2999 quod
704 2934 958 3001 superest
993 2931 1065 2985 de
1099 2932 1339 2986 motibus
1375 2927 1771 3000 expediemus]

318 3008 477 3061 Nunc
500 3007 650 3061 locus
674 3011 775 3076 est,
800 3012 865 3063 ut
890 3008 1096 3078 opinor,
1120 3008 1178 3061 in
1200 3008 1287 3061 his
1309 3008 1448 3062 illud
1471 3022 1686 3075 quoque
1709 3005 1875 3059 rebus

28 3112 66 3179 h
122 3109 185 3178 ᾗ,
218 3083 569 3147 ρ1301111111111113
604 3084 721 3153 tibi,
758 3084 961 3139 nullam
996 3101 1113 3139 rem
1148 3101 1309 3155 posse
1343 3100 1441 3139 sua
1475 3084 1528 3137 vi
1883 3096 1952 3134 186

23 3178 223 3245 „was
280 3175 565 3229 orpoream
601 3176 815 3215 sursum
849 3160 979 3215 ferri
1015 3176 1338 3229 sursumque
1373 3177 1584 3226 meare3

30 3252 315 3386 mamm&
