2259 3550
1154 103 1227 158 vii

339 238 477 292 vidit
527 238 812 308 Μαι-511113,
849 243 916 296 ut
955 239 1285 298 adnotatum
1324 241 1507 298 iuveni
1544 240 1601 298 in
1643 243 1893 312 margine
1924 244 2045 300 cod.

336 324 593 379 Laurent.
619 326 756 394 plut.
783 341 937 380 xxxv
962 332 1044 382 32.

436 417 538 466 469
609 429 710 482 pro
755 423 968 464 TERRIS
1016 412 1148 468 dedi
1204 415 1451 470 Teucris.
1520 417 1900 472 Lachmannus
1929 434 2045 488 per

331 503 450 554 teet.
477 497 542 552 cf.
570 501 744 554 annal.
766 500 899 570 phil.
928 501 1189 558 cantabr.
1212 516 1237 556 1
1260 519 1312 572 p.
1337 507 1419 558 28.

436 589 555 651 489,
590 591 694 640 492
769 587 1153 642 Lachmannus
1187 588 1506 658 pravissime
1544 593 1739 644 contra.
1772 589 1943 644 libros
1983 593 2043 646 ct

331 667 436 721 loci
461 671 790 726 sententiam
823 673 882 727 T.
909 690 950 728 e.
971 675 1028 739 ,fl
1061 673 1293 742 caelum,
1320 690 1383 742 p.
1416 690 1459 729 e.
1494 674 1549 729 d.
1585 675 1647 730 cl.
1684 675 1746 729 it.
1778 691 1831 732 a.
1868 693 1915 732 v.
1974 676 2039 732 cf.

331 767 454 806 ann.
481 752 610 821 phil.
638 755 899 810 cantabr.
924 757 958 812 1.
982 757 1015 812 1.

435 841 538 896 517
609 842 963 898 membranae
1002 843 1311 898 rectissime
1360 855 1554 897 mnu:
1584 856 1781 905 QUEM*
1812 857 2037 900 ntem.

332 922 712 981 Lachmannus
735 929 816 983 in.
844 929 910 983 in
935 930 1086 984 rebu’
1107 947 1159 998 q.

436 1017 540 1066 520
608 1012 736 1068 libri
779 1019 998 1070 servato
1037 1016 1273 1085 antiquo
1316 1017 1591 1072 scribendi
1624 1035 1829 1087 genere
1868 1031 2037 1072 vocA-

331 1107 461 1165 m,
499 1097 604 1152 hoc
649 1101 738 1154 est
775 1107 1014 1170 vacaret,
1053 1102 1203 1170 quod
1242 1101 1463 1172 scripsit
1510 1102 1901 1158 Lachmannus.
1970 1105 2035 1159 cf.

331 1200 472 1253 quae
511 1185 702 1242 Franc.
747 1186 1052 1242 Buecheler
1091 1187 1237 1243 dixit
1276 1189 1334 1242 in
1376 1189 1519 1244 Mus.
1556 1189 1733 1245 Rhen.
1768 1207 1821 1244 n.
1853 1207 1892 1243 s.
1929 1206 2038 1248 xm

328 1286 382 1340 p.
406 1276 510 1326 483
533 1274 638 1326 cet.

435 1362 538 1411 525
607 1359 916 1414 rectissime
953 1359 1255 1414 Lambinus
1290 1361 1711 1430 Dixtine-tumst,
1745 1361 2035 1429 quoniam.

331 1441 724 1511 Lachmannus,
773 1449 992 1502 servata
1049 1445 1299 1502 codicum
1348 1447 1619 1516 scriptura
1666 1457 2036 1500 ms'rmc'ruu

329 1541 626 1600 QUONIAM,
649 1531 754 1585 loci
775 1533 1042 1587 rationem
1066 1549 1293 1602 prorsus
1314 1533 1597 1602 pervertit.

435 1621 536 1669 555
605 1619 702 1670 aut
723 1615 884 1670 fallor
905 1619 1004 1671 aut
1029 1617 1349 1672 Lucretium
1381 1618 1462 1672 ad
1488 1624 1724 1673 auctum
1754 1617 2034 1689 scripsisse

329 1701 702 1756 demonstravi
749 1703 806 1756 in
853 1702 1032 1757 annal.
1071 1701 1203 1772 phil.
1245 1719 1267 1756 1
1304 1719 1355 1772 p.
1394 1705 1512 1761 377.
1582 1702 1718 1757 haec
1758 1703 2035 1771 vocabula,

329 1804 471 1855 quae
516 1788 800 1857 archetypi
846 1788 1079 1857 paginae
1124 1787 1327 1843 tertiae
1366 1790 1429 1841 ct
1467 1787 1795 1843 vicensimae
1840 1787 2037 1841 ultima

329 1876 502 1939 crant,
541 1890 672 1929 casu
705 1873 1070 1939 interierunt3
1105 1873 1309 1927 deinde
1336 1872 1603 1927 librorum
1635 1886 1795 1927 nme
1827 1872 1933 1927 huc
1964 1889 2033 1927 ex

328 1958 504 2012 vicino
541 1974 706 2014 versu
745 1958 982 2028 irrepsit.
1053 1958 1437 2013 Lachmannus
1475 1974 1704 2013 summa
1742 1958 1941 2012 aetatis
1971 1976 2033 2027 p.

319 2043 474 2106 finis.

421 2135 534 2192 ,566
598 2132 795 2199 possit.
865 2131 993 2187 libri
1017 2142 1271 2199 POSSINT,
1308 2130 1463 2185 verbi
1494 2147 1722 2185 numero
1754 2128 1827 2184 ad
1858 2128 2035 2183 vicina

329 2214 597 2271 vocabula
629 2232 800 2285 prave
835 2216 1261 2271 accommodato.
1332 2215 1516 2283 possit
1551 2214 1733 2281 reddi,
1779 2213 1881 2267 hoc
1930 2215 2031 2279 cst,

326 2301 500 2369 possit
531 2297 674 2354 ratio
697 2300 877 2369 reddi,
903 2318 1012 2367 quo
1028 2306 1197 2369 pacto
1218 2304 1323 2354 cet.
1347 2316 1522 2367 comp.
1547 2313 1619 2352 111
1642 2304 1744 2353 258
1768 2301 1829 2353 et
1852 2313 1912 2351 1v
1931 2300 2033 2355 572

327 2403 449 2440 cum
485 2402 510 2441 1
545 2390 642 2445 571
684 2389 744 2441 et
778 2403 824 2441 11
865 2390 976 2444 179.
1049 2386 1445 2450 Lachmannus,
1492 2400 1659 2438 versu
1705 2389 1821 2449 568,
1870 2398 2032 2451 quem

330 2472 612 2527 Bentleius
647 2472 820 2528 deleri
857 2472 1044 2538 voluit,
1079 2470 1419 2540 ineptissimo
1454 2472 1582 2539 post
1617 2474 1719 2523 585
1754 2468 2031 2537 collocate,

326 2556 632 2611 mirabilem
687 2557 828 2612 hanc
879 2558 1207 2612 sententiam
1259 2558 1458 2625 poetae
1513 2554 1761 2623 adfingit,
1818 2554 2032 2622 omnia,

323 2658 467 2709 quae
512 2644 710 2697 mollia
756 2644 1102 2710 redduntur,
1140 2642 1337 2696 mollia
1373 2640 1541 2695 reddi
1572 2646 1827 2710 possunt.
1896 2639 2033 2694 Ber-

325 2729 556 2797 mysius,
605 2730 700 2799 qui
735 2730 836 2783 loci
876 2730 1203 2785 sententiam
1247 2729 1403 2798 vidit,
1438 2732 1626 2783 tamen
1667 2728 1889 2797 possint
1925 2744 2033 2782 ser-

325 2813 488 2869 ravit.

431 2906 532 2957 578
604 2912 879 2961 QUAEQUE
909 2901 1051 2957 libri.
1119 2902 1405 2970 quaedam
1437 2900 1831 2967 Lachmannus,
1865 2914 2031 2969 quem

326 2988 484 3055 sequi
505 2987 669 3041 nolui.

430 3080 532 3129 593
559 3078 618 3129 et
636 3078 735 3133 597
800 3076 1024 3142 possint
1046 3091 1149 3145 pro
1172 3084 1427 3127 POSSENT
1446 3073 1754 3131 necessario
1788 3073 2029 3128 scriben-

327 3159 460 3215 dum
485 3162 634 3217 duxi.
658 3162 727 3216 cf.
753 3163 825 3217 ad
856 3168 976 3217 566.
