2259 3550
1094 110 1186 166 VI
1881 115 1984 175 171

286 216 501 272 tollitur
536 217 593 270 in
629 215 804 270 nubis.
839 232 948 284 quo
982 231 1105 269 cum
1142 215 1281 270 bene
1315 216 1539 270 seminar
1556 233 1822 286 aquarum

284 293 459 347 multa
500 291 677 345 modis
711 290 899 345 multis
934 307 1237 347 convenere
1270 290 1517 361 undique
1551 293 1803 360 adaucta,

283 369 564 423 confertae
600 368 775 421 nubes
810 383 1070 421 umorem
1105 368 1330 422 mittere
1365 371 1584 423 certant

156 499 173 516 ‚
285 444 610 514 dupliciter3
648 460 775 496 nam
811 443 893 496 vis
926 443 1078 496 venti
1114 444 1398 498 contrudit
1430 449 1489 498 et
1524 445 1643 514 ipsa
1928 461 2000 502 510

284 522 439 590 copia
474 520 781 576 nimborum
821 519 987 573 turba
1020 520 1225 574 maiore
1259 525 1450 575 coacta

284 600 461 664 urget,
498 595 570 650 de
607 613 805 666 supero
843 596 1046 666 premit
1080 613 1145 650 ac
1179 597 1312 652 facit
1347 598 1568 653 effluere
1599 600 1803 655 imbris.

285 677 575 742 praeterea
609 690 733 727 cum
770 676 1056 726 rarescunt
1091 690 1312 741 quoque
1348 673 1536 728 nubila
1570 677 1748 731 ventis

281 754 382 805 aut
417 750 805 814 dissolvuntur,
842 747 971 802 solis
1008 765 1175 818 super
1209 750 1322 804 icta
1357 750 1550 820 calore,

284 827 515 881 mittunt
549 841 798 880 umorem
834 825 1080 894 pluvium
1118 826 1456 895 stillantque‚
1491 829 1646 896 quasi
1681 829 1796 896 igni
1928 843 2001 884 515

282 919 409 956 cera
443 919 609 972 super
642 901 821 956 calido
868 901 1159 956 tabescens
1195 903 1368 956 multa
1401 903 1687 972 liquescat.
1893 905 1899 913 '

283 978 383 1032 sed
416 994 639 1032 vemens
674 977 853 1031 imber
899 977 981 1044 fit,
1018 977 1113 1030 ubi
1150 982 1433 1032 vementer
1469 983 1704 1048 utraque

282 1055 467 1109 nubila
500 1055 555 1109 vi
588 1055 867 1109 cumulata
911 1057 1240 1123 premuntur
1274 1058 1334 1108 et
1367 1055 1576 1125 impete
1609 1057 1773 1111 venti.

282 1135 451 1200 atque
484 1134 677 1186 tenere
713 1131 809 1184 diu
848 1131 1067 1200 pluviae
1103 1129 1434 1200 longumque
1467 1135 1668 1186 morari

282 1212 626 1276 consuerunt,
662 1208 759 1262 ubi
795 1207 974 1261 multa
1010 1208 1227 1262 cientur
1262 1209 1472 1261 semina
1506 1225 1770 1278 aquarum
1925 1225 2000 1266 52⁰

281 1287 449 1353 atque
482 1285 604 1338 aliis
638 1284 777 1338 aliae
816 1283 993 1338 nubes
1028 1283 1310 1352 nimbique
1345 1284 1592 1352 rigantes

281 1361 506 1430 insuper
540 1364 709 1430 atque
745 1361 891 1414 omni
927 1360 1091 1428 vulgo
1128 1359 1202 1413 de
1236 1364 1398 1430 parte
1433 1361 1699 1426 feruntur,

282 1441 541 1506 terraque
578 1454 700 1492 cum
736 1439 952 1490 fumans
988 1452 1236 1490 umorem
1273 1439 1394 1490 tota
1429 1437 1698 1492 redhalat.

279 1513 370 1567 hic
402 1514 496 1567 ubi
535 1514 615 1568 sol
649 1513 821 1567 radiis
855 1515 1248 1580 tempestatem
1283 1513 1434 1567 inter
1467 1530 1690 1583 opacam
1785 1555 1788 1558 -

284 1589 518 1644 adversa
549 1590 705 1644 fulsit
738 1589 1046 1642 nimborum
1082 1589 1371 1658 aspargine
1405 1593 1610 1657 contra,
1925 1607 1998 1646 525

284 1671 404 1720 tum
439 1667 588 1720 color
606 1667 679 1720 in
713 1666 881 1735 nigris
915 1665 1107 1718 existit
1143 1663 1378 1718 nubibus
1413 1666 1584 1734 arqui.

354 1743 555 1799 Cetera
589 1759 732 1815 quae
769 1759 980 1797 sorsum
1017 1746 1273 1797 crescunt
1307 1758 1628 1811 sorsumque
1665 1748 1936 1814 creantur,

284 1824 345 1874 et
379 1837 521 1889 quae
556 1823 911 1875 concrescunt
944 1820 1000 1872 in
1036 1818 1290 1887 nubibus,
1326 1819 1521 1887 omnia,
1558 1836 1812 1889 prorsum

284 1896 478 1965 omnia,
514 1897 609 1950 nix
644 1896 794 1950 venti
827 1895 1038 1964 grando
1074 1894 1401 1963 gelidaeque
1435 1896 1665 1965 pruinae

285 1982 345 2026 et
378 1973 460 2025 vis
495 1988 693 2039 magna
725 1971 851 2039 geli,
887 1986 1147 2038 magnum
1185 1969 1450 2024 duramen
1485 1987 1763 2039 aquarum,
1847 2042 1852 2045 Ι
1927 1989 2002 2029 530

286 2051 346 2100 et
382 2064 534 2101 mora
568 2063 709 2115 quae
743 2046 937 2099 fluvios
972 2046 1174 2115 passim
1212 2046 1456 2099 refrenat
1493 2047 1690 2113 euntis,

286 2122 601 2191 perfacilest
634 2125 821 2176 tamen
855 2121 989 2175 haec
1024 2121 1271 2189 reperire
1305 2122 1595 2190 animoque
1629 2123 1816 2177 videre

286 2198 467 2252 omnia
500 2215 609 2266 quo
643 2202 807 2267 pacto
842 2197 980 2251 fiant
1015 2213 1256 2267 quareve
1289 2201 1560 2264 creentur,

286 2291 410 2329 cum
444 2275 583 2329 bene
620 2275 867 2343 cognoris
903 2274 1190 2327 elementis
1224 2272 1447 2326 reddita
1481 2290 1621 2343 quae
1653 2276 1768 2329 sint

356 2351 407 2404 N
410 2368 517 2405 unc
551 2368 655 2419 age
689 2367 830 2420 quae
866 2349 1006 2404 ratio
1038 2348 1211 2403 terrai
1247 2348 1484 2403 motibus
1518 2354 1675 2406 extet
1763 2310 2168 2517 {KQ

287 2428 522 2498 percipe.
560 2432 619 2483 et
651 2428 710 2481 in
745 2427 936 2496 primis
971 2430 1180 2480 terram
1212 2424 1300 2479 fac
1335 2429 1401 2479 ut
1433 2441 1556 2480 esse
1591 2428 1763 2481 rearis

288 2507 481 2573 supter
513 2503 649 2558 item
684 2508 749 2557 ut
787 2520 985 2573 supera
1019 2500 1262 2556 ventosis
1295 2500 1541 2571 undique
1573 2503 1790 2573 plenam

288 2579 559 2652 speluncis
594 2581 903 2649 multosque
938 2579 1086 2633 lacus
1122 2577 1435 2645 multasque
1469 2578 1694 2633 lucunas

286 2658 345 2711 in
379 2658 587 2725 gremio
620 2674 813 2725 gerere
849 2660 907 2710 et
943 2672 1110 2726 rupes
1147 2654 1490 2723 deruptaque
1524 2670 1682 2718 saxa;

288 2734 570 2803 multaque
606 2733 707 2787 sub
743 2737 903 2802 tergo
938 2732 1108 2787 terrai
1143 2731 1368 2785 flumina
1403 2734 1554 2785 tecta
1926 2748 2000 2787 ⁶40

289 2811 505 2864 volvere
540 2812 593 2863 vi
628 2810 827 2865 fluctus
862 2825 1272 2876 smnmersaque
1307 2824 1438 2861 saxa
1473 2807 1840 2876 putandumst.

290 2886 531 2955 undique
566 2888 713 2941 enim
750 2888 980 2941 similem
1018 2903 1138 2941 esse
1176 2886 1260 2939 sui
1294 2902 1383 2939 res
1418 2884 1660 2953 postulat
1694 2884 1828 2953 ipsa.

290 2963 375 3017 his
410 2964 579 3031 igitur
612 2964 779 3017 rebus
814 2963 1117 3017 subiunctis
1153 2962 1556 3032 suppositisque

290 3042 445 3093 terra
480 3056 716 3110 superne
752 3040 941 3094 tremit
975 3038 1188 3107 magnis
1225 3054 1484 3091 concussa
1517 3036 1702 3103 ruinis,

292 3114 485 3171 subter
517 3116 610 3169 ubi
646 3117 885 3185 ingentis
920 3116 1206 3185 speluncas
1241 3112 1456 3168 subruit
1491 3115 1674 3178 aetas3
1927 3126 2002 3167 ⁵15

294 3192 495 3261 quippe
529 3194 735 3247 cadunt
768 3194 876 3247 toti
910 3196 1123 3247 montes
1159 3206 1461 3260 magnoque
1496 3193 1722 3251 repento
