2259 3550
985 55 1138 110 xxxii

318 201 452 252 1230
519 196 676 251 uncis
698 195 922 250 inclusit
945 193 1342 249 Lachmannus.

319 289 452 338 1244
522 283 838 351 quadratuS,
860 280 991 335 Itali
1011 283 1069 335 ct
1088 283 1365 334 corrector
1382 278 1603 348 oblongi
1618 280 1923 338 rectissime

213 385 377 426 cmm
401 385 673 438 nonnum,
697 373 762 423 ut
786 385 808 422 1
833 375 950 423 489.
989 367 1373 422 Lachmannus
1396 384 1523 421 cum
1548 368 1662 421 solo
1684 367 1921 437 oblongo

211 458 355 511 caelo
381 457 584 511 scribit.
609 457 624 484 ‘
637 473 816 526 neque
848 455 992 508 dixit
1023 454 1155 508 alibi
1191 455 1479 510 Lucretius
1502 455 1737 520 fulmen
1765 457 1921 522 caeli,

213 540 314 594 sed
327 541 566 610 plaqam
588 541 725 595 caeli
756 557 920 610 supra
947 539 1110 593 1095’.
1180 539 1468 592 mirificum
1502 543 1917 608 argumentum!

211 626 420 680 scilicet
466 626 592 680 libri
637 625 723 679 bis
763 625 972 681 habent
1002 627 1237 691 fulmen
1279 627 1418 681 caeli
1434 645 1457 683 .·
1506 643 1639 695 ergo
1676 631 1921 694 peccant.

211 725 325 778 cur,
348 712 586 778 quaeso?
657 710 788 780 quia
811 710 978 765 semel
997 712 1235 779 plagam
1257 711 1397 766 caeli
1419 711 1641 766 habent.

320 799 452 854 1267
523 814 624 866 pro
648 813 904 852 nomm
928 813 1150 852 mmm
1175 813 1243 853 Ac
1266 813 1494 852 mnsam
1522 813 1694 853 nom
1726 800 1921 869 scripsi

213 895 338 934 cum
369 880 458 935 ed.
483 881 629 936 Iunt.
652 882 846 936 dolare
877 889 928 936 et
959 881 1106 936 levia
1137 883 1341 936 radere
1371 883 1547 949 tigna.
1620 882 1923 937 Lachman-

213 980 316 1018 nus
355 965 518 1018 domo
555 966 739 1021 levare
774 983 840 1020 ae
873 983 919 1020 r.
956 973 990 1018 t.
1023 966 1124 1021 sed
1157 966 1353 1021 dolare
1381 974 1432 1020 ec
1471 970 1624 1022 certe
1656 984 1764 1022 non
1802 969 1922 1023 tolli

216 1045 422 1101 debuit.
1075 1051 1079 1054 “
1580 1092 1585 1098 .

323 1126 664 1191 1344-1346
736 1137 1041 1192 rectissime
1099 1136 1477 1192 Lachmannus
1522 1142 1805 1208 tamquam
1850 1141 1922 1194 ab

213 1219 610 1290 interpolatore
647 1222 820 1276 factos
859 1222 1034 1276 eiecit.
1105 1220 1205 1276 sed
1234 1239 1341 1276 non
1374 1225 1553 1278 minus
1587 1229 1799 1280 certum
1834 1231 1922 1282 est

214 1311 331 1362 tres
361 1307 638 1377 proximos
678 1308 1000 1378 superioreS,
1037 1303 1166 1364 1341
1182 1315 1395 1378 -1343,
1428 1310 1498 1364 ab
1530 1311 1725 1364 codem
1758 1314 1923 1383 scrip-

215 1397 304 1447 tos
343 1410 465 1448 esse
507 1398 572 1448 ut
611 1398 808 1464 poetae
845 1395 1085 1449 rationes
1121 1395 1179 1449 in
1222 1395 1449 1450 dubium
1490 1402 1723 1453 vocaret,
1792 1417 1919 1454 nam

215 1480 384 1534 verba
418 1479 488 1534 Si
509 1481 642 1546 fuit
675 1487 741 1532 ut
757 1481 1022 1548 facerent
1055 1483 1160 1534 eet.
1195 1480 1482 1535 manifesto
1518 1481 1593 1536 ad
1622 1481 1717 1536 illa
1748 1485 1920 1553 respi-

215 1565 382 1632 ciunt,
415 1565 529 1620 Sed
550 1567 746 1630 facere
777 1566 846 1619 id
877 1582 994 1619 non
1026 1569 1127 1620 cet.
1197 1567 1264 1620 cf.
1296 1583 1416 1620 ann.
1449 1567 1577 1636 phil.
1604 1569 1758 1624 Cant.
1784 1585 1845 1623 1v
1866 1587 1918 1639 p.

215 1656 333 1706 288.
403 1667 574 1719 quare
614 1649 712 1703 hos
755 1667 852 1704 sex
894 1667 1083 1704 versus
1116 1651 1321 1706 litteris
1363 1653 1690 1722 capitalibus
1736 1656 1918 1724 expri-

215 1737 446 1791 mendos
483 1737 683 1791 curavi.
772 1742 898 1793 1341
943 1753 1043 1808 pro
1089 1753 1142 1792 SI
1188 1738 1562 1793 Lachmannus
1606 1739 1702 1794 sic.
1769 1739 1918 1795 idem

221 1828 355 1877 1342
378 1826 437 1877 et
465 1828 598 1878 1343
621 1822 860 1878 invertit.

322 1914 451 1965 1391
526 1913 654 1979 post
680 1917 803 1963 tum
827 1908 1020 1964 addidi
1042 1910 1192 1964 hacc.
1238 1910 1303 1965 cf.
1332 1916 1477 1965 1404.
1545 1910 1921 1965 Lachmannus

217 1998 484 2051 carmina
509 2014 609 2066 pro
633 2012 829 2051 omum.

326 2088 458 2137 1409
517 2100 616 2152 pro
665 2096 844 2137 onnus
869 2081 1062 2151 scripsi
1085 2098 1289 2137 recens.
1358 2081 1618 2150 syllabam
1642 2098 1707 2136 re
1739 2082 1924 2138 hausit

216 2169 553 2239 praecedens
583 2186 809 2223 servare
817 2188 842 2234 ,·
881 2167 1084 2223 deinde
1116 2185 1185 2222 cx
1220 2182 1355 2221 omis
1387 2167 1593 2223 factum
1618 2172 1705 2223 est
1733 2186 1921 2237 oenus.

220 2255 596 2311 Lachmannus
620 2256 783 2309 sonis.

323 2345 458 2396 1436
527 2344 655 2394 anto
679 2340 935 2394 versatile
958 2338 1142 2393 insulsi
1163 2356 1242 2406 ae,
1269 2338 1433 2407 quod,
1454 2342 1518 2392 ut
1541 2338 1688 2407 alias,
1713 2342 1840 2409 post
1863 2356 1924 2393 m

219 2428 434 2482 excidit.
520 2425 896 2482 Lachmannus
953 2424 1235 2479 versatili'.
1313 2440 1438 2478 nam
1496 2425 1758 2479 versatile
1816 2441 1923 2479 non

219 2515 392 2583 magis
433 2512 704 2581 templum
745 2530 866 2567 esse
903 2528 1062 2580 posse
1101 2527 1266 2579 quam
1302 2510 1486 2564 locum
1518 2510 1667 2565 dicit.
1740 2511 1839 2565 sed
1878 2512 1925 2565 si

220 2601 426 2669 templa
450 2617 611 2654 ruere
635 2603 878 2669 possunt,
905 2601 968 2650 ut
993 2610 1015 2649 1
1044 2602 1193 2663 1105,
1218 2599 1315 2649 aut
1338 2595 1607 2663 displodi,
1631 2599 1696 2649 ut
1718 2610 1781 2649 vl
1804 2600 1925 2663 285,

221 2684 414 2739 eadem
439 2688 590 2737 certe
615 2683 838 2737 versari
860 2675 1100 2750 possunt.

325 2774 460 2823 1442
528 2785 630 2838 pro
668 2781 923 2821 PROPTER
955 2778 1168 2818 ommis
1204 2763 1585 2817 Lachmannus
1616 2764 1925 2832 puppibus,

220 2864 272 2910 et
301 2871 425 2921 γαρ
464 2858 525 2910 et
551 2854 849 2923 puppibus
879 2850 1103 2921 quidem
1137 2850 1389 2919 egregic3
1423 2849 1525 2903 sed
1556 2847 1812 2918 displicet
1836 2867 1927 2904 res

221 2942 296 2995 sic
317 2940 466 2995 nude
490 2941 743 3010 positum.
813 2954 984 3008 quare
1009 2938 1171 2991 urbes
1195 2937 1401 3005 scripsi.

326 3030 458 3079 1456
529 3040 633 3093 pro
667 3036 1019 3079 omni-:sonus
1068 3036 1250 3075 comm
1297 3034 1580 3075 numum
1626 3019 1819 3089 scripsi
1864 3020 1926 3074 cl.

223 3119 274 3167 et
295 3110 499 3167 ordine
523 3110 683 3165 debet.
726 3108 934 3165 scilicet
955 3107 1213 3167 librarius
1235 3123 1267 3161 e
1288 3107 1457 3163 semel
1477 3105 1711 3176 scripsit,
1724 3104 1929 3161 deinde
