2259 3550
55 1816 175 1901 <oo-⁵

1141 100 1248 156 III
1971 101 2045 156 85

344 203 605 272 optineat,
644 201 743 256 sed
778 202 873 271 qui
908 201 1079 257 terrai
1115 201 1290 258 totius
1324 202 1528 268 orbem,

343 295 453 334 non
486 281 673 334 tamen
706 281 992 334 aeteruum
1025 279 1235 348 poterit
1268 278 1512 347 perferre
1548 277 1793 334 dolorem
1979 295 2050 333 σου

252 359 257 364 “
343 372 445 410 nee
479 356 747 423 praebere
780 355 964 409 eibum
999 356 1222 425 proprio
1259 356 1332 410 de
1365 371 1596 424 corpore
1627 371 1860 424 semper.

344 432 441 485 sed
480 431 665 500 Tityos
699 431 858 486 nobis
891 431 982 485 hie
1017 435 1119 498 est,
1153 433 1210 485 in
1245 447 1431 486 amore
1462 433 1734 486 iacentem

344 523 509 576 quem
544 508 789 562 volueres
824 507 1066 582 lacerant
1100 511 1270 577 atque
1305 510 1460 562 exest
1495 508 1690 562 anxius
1725 524 1898 576 angor

343 585 443 637 aut
476 583 585 637 alia
620 584 812 652 quavis
846 582 1104 637 scindunt
1141 583 1448 652 cuppedine
1481 599 1659 638 curae.

344 658 607 728 Sisyphus
640 659 699 712 in
734 659 847 712 vita
884 673 1101 726 quoque
1140 657 1296 712 nobis
1330 662 1460 712 ante
1496 659 1680 713 oeulos
1715 662 1803 714 est
1977 672 2048 711 005,

345 735 439 804 qui
476 738 667 804 petere
702 751 736 788 a
769 733 969 804 populo
1006 735 1183 790 fasces
1218 751 1516 804 saevasque
1551 751 1770 790 secures

345 810 561 864 imbibit
598 813 657 865 et
693 827 910 878 semper
946 811 1123 864 vietus
1159 811 1442 877 tristisque
1478 810 1701 864 recedit.

346 902 471 939 nam
494 890 687 956 petere
710 887 1001 954 impe-rium
1027 885 1177 955 quod
1199 886 1416 940 inanest
1439 902 1538 940 nee
1562 886 1727 940 datur
1751 900 2025 954 umquam,

346 965 515 1030 atque
549 962 603 1014 in
640 979 705 1016 eo
742 978 957 1030 semper
995 963 1194 1016 durum
1232 962 1461 1016 sufferre
1497 961 1756 1030 laborem,

344 1036 447 1091 hoe
482 1042 568 1091 est
602 1037 833 1091 adverso
868 1039 1148 1092 nixantem
1183 1037 1411 1092 trudere
1447 1042 1633 1092 monte
1956 1052 2049 1092 1000

346 1128 534 1166 saxum
576 1113 723 1182 quod
760 1117 945 1168 tamen
982 1131 1008 1166 e
1045 1131 1256 1168 summo
1293 1115 1410 1168 iam·
1439 1115 1644 1168 vertice
1679 1131 1868 1168 rusum

345 1188 580 1242 volvitur
616 1193 675 1243 et
710 1190 855 1258 plani
892 1191 1091 1258 raptim
1129 1191 1272 1258 petit
1307 1206 1546 1258 aequora
1578 1193 1766 1259 campi.

345 1264 543 1318 deinde
580 1266 745 1318 animi
781 1267 1051 1334 ingratam
1088 1271 1341 1320 naturam
1378 1283 1600 1334 pascere
1635 1283 1854 1334 semper

344 1344 515 1408 atque
551 1341 776 1410 explere
810 1341 967 1395 bonis
1004 1341 1170 1396 rebus
1207 1343 1517 1411 satiareque
1556 1359 1866 1410 numquam,

346 1416 497 1484 quod
532 1416 739 1471 faciunt
773 1417 931 1473 nobis
966 1434 1229 1470 annorum
1267 1422 1528 1486 tempora?
1564 1420 1763 1471 circum
1956 1431 2049 1471 100⁵

344 1508 469 1544 eum
506 1491 741 1546 redeunt¹
775 1493 1027 1560 fetusque
1065 1495 1250 1547 ferunt
1287 1495 1573 1563 variosque
1609 1495 1836 1562 lepores,

348 1583 448 1621 nee
483 1572 668 1621 tamen
706 1569 989 1638 explemur
1028 1568 1160 1623 vitai
1196 1570 1464 1623 fructibus
1499 1587 1770 1639 umqmm,

345 1643 465 1710 hoe,
502 1647 567 1698 ut
602 1645 804 1713 opinor,
842 1645 900 1698 id
937 1651 1037 1713 est,
1074 1662 1208 1699 aevo
1245 1645 1474 1701 florente
1507 1648 1716 1716 puellas

204 1708 497 1787 ’ςὼᾳιιοᾱ
533 1725 840 1774 memorant
874 1721 1089 1775 laticem
1128 1728 1414 1791 pertusum
1451 1739 1741 1792 congerere
1778 1725 1832 1778 in
1868 1738 1978 1791 vae,

346 1795 495 1864 quod
531 1800 717 1851 tamen
755 1797 965 1865 expleri
1000 1799 1149 1852 nulla
1184 1800 1396 1853 ratione
1431 1803 1694 1868 potestur.
1953 1814 2049 1855 1010

348 1872 619 1925 Cerberus
657 1876 715 1925 ei,
748 1872 925 1927 furiae
960 1874 1067 1928 iam
1105 1890 1234 1927 vero
1271 1877 1328 1927 et
1364 1875 1500 1929 lueis
1535 1880 1751 1943 egestas

1159 1968 1187 1999 ,ιε

346 2022 607 2079 Tartarus
642 2024 937 2079 horriferos
972 2030 1231 2079 eructans
1266 2026 1515 2080 faucibus
1550 2030 1749 2093 aestuS,

346 2099 437 2167 qui
474 2115 653 2168 neque
688 2104 815 2154 sunt
850 2117 1076 2168 usquam
1110 2117 1210 2155 nee
1246 2105 1474 2168 possunt
1509 2118 1630 2155 esse
1665 2104 1922 2171 profecte.

344 2174 445 2228 sed
481 2180 659 2229 metus
694 2176 749 2227 in
786 2177 899 2228 vita
934 2192 1230 2243 poenarum
1268 2193 1364 2243 pro
1399 2177 1541 2231 male
1575 2176 1735 2231 factis

346 2254 433 2303 est
466 2250 767 2317 insignibus
802 2250 1041 2317 insigniS,
1076 2252 1404 2320 scelerisque
1440 2253 1618 2320 luelIn,
1955 2270 2020 2308 101

345 2340 531 2378 career
565 2330 623 2378 et
658 2325 933 2379 horribilis
969 2326 1041 2379 de
1077 2343 1208 2380 saxo
1242 2328 1404 2382 iactu'
1441 2328 1710 2395 deorsum,

348 2400 575 2453 verbera
608 2401 891 2455 carnifices
925 2401 1094 2455 robur
1129 2404 1223 2470 pix
1259 2404 1518 2457 lammina
1555 2405 1779 2471 taedam

346 2490 489 2543 quae
524 2479 705 2528 tamen
744 2476 851 2530 etsi
887 2476 1099 2542 absunt,
1140 2482 1198 2531 at
1233 2495 1386 2531 mens
1424 2480 1526 2533 sibi
1563 2482 1778 2535 conseia
1810 2480 1973 2538 factis

345 2555 728 2618 praemetuens
766 2552 990 2607 adhibet
1028 2554 1280 2607 stimulos
1314 2560 1601 2624 terretque
1637 2556 1865 2627 flagellis

342 2642 442 2681 nee
478 2626 631 2681 videt
666 2628 877 2681 interea
915 2631 1007 2696 qui
1048 2632 1316 2683 terminus
1355 2648 1476 2686 esse
1512 2633 1778 2687 malorum
1955 2650 2032 2688 102«

342 2703 518 2772 possit
554 2719 652 2757 nee
690 2721 831 2772 quae
867 2706 941 2758 sit
976 2722 1276 2775 poenarum
1315 2707 1556 2779 denique
1593 2710 1715 2763 finis

342 2782 511 2849 atque
537 2779 731 2833 eadem
756 2782 956 2835 metuit
980 2781 1155 2850 magis
1179 2783 1316 2837 haee
1339 2801 1406 2838 ne
1431 2785 1487 2837 in
1513 2790 1690 2840 morte
1707 2792 2046 2853 gravescunt.

341 2854 429 2909 hie
468 2856 773 2909 Acherusia
808 2857 873 2909 fit
910 2857 1204 2913 stultorum
1243 2860 1484 2929 denique
1519 2862 1648 2915 vita.

417 2930 538 2985 Hoe
572 2932 743 2985 etiam
778 2932 883 2986 tibi
919 2938 1041 2988 tute
1077 2935 1226 2989 inter
1263 2935 1394 2989 dum
1431 2935 1614 2989 dicere
1649 2939 1827 3005 possis

338 3006 570 3068 ‘lumina
605 3008 680 3061 sis
715 3008 885 3062 oeulis
920 3010 1085 3065 etiam
1124 3010 1297 3065 bonus
1336 3012 1511 3066 Aneu’
1549 3012 1772 3081 reliquit
1952 3028 2044 3069 10:³5

344 3082 437 3151 qui
470 3084 661 3137 melior
697 3085 885 3139 multis
920 3103 1085 3154 quam
1122 3090 1186 3140 tu
1219 3086 1341 3153 fuit,
1380 3088 1644 3157 improbe,
1681 3086 1861 3142 rebus,

342 3157 473 3213 inde
510 3160 600 3214 alii
636 3161 794 3215 multi
834 3178 991 3229 reges
1028 3178 1321 3233 rerumque
1357 3168 1608 3233 potentes
