2259 3550
766 443 824 500 T.
858 443 1193 500 LUORETI
1233 444 1425 500 CARI

447 614 609 690 DE
688 613 1127 689 RERUM
1205 613 1740 692 NATURA

736 803 991 852 LIBER
1035 801 1444 870 QUARTUS.

981 983 1184 1014 ...ὴμ-

242 1140 413 1210 [Avia
447 1141 727 1195 Pieridum
764 1157 997 1210 peragro
1031 1141 1152 1194 loca
1185 1140 1382 1194 nullius
1418 1144 1548 1194 ante

241 1219 377 1271 trita
411 1217 539 1272 solo,
572 1217 723 1271 iuvat
756 1218 1001 1285 integros
1036 1216 1301 1270 accedero
1335 1217 1502 1270 fontis

242 1297 409 1363 atque
443 1294 673 1360 haurire,
711 1294 967 1362 iuvatque
1002 1309 1171 1346 novos
1207 1292 1502 1362 decerpere
1537 1293 1703 1348 flores

242 1370 617 1439 insignemque
653 1387 775 1424 meo
812 1370 977 1438 capiti
1015 1371 1210 1438 petere
1243 1368 1372 1422 inde
1407 1385 1659 1423 eoronam

243 1446 388 1500 unde
424 1448 577 1516 prius
610 1447 744 1500 nulli
780 1446 1011 1500 velarint
1046 1449 1296 1513 tempora
1330 1461 1516 1498 musae
1540 1466 1552 1508 ;
1921 1459 1948 1499 ε

241 1523 479 1593 primum
515 1522 662 1592 quod
696 1522 909 1589 magnis
943 1520 1113 1574 doceo
1150 1521 1222 1575 de
1257 1520 1420 1574 rebus
1455 1525 1513 1574 et
1545 1520 1682 1574 artis

240 1599 561 1665 religionum
596 1598 836 1652 animum
871 1597 1029 1650 nodis
1064 1596 1346 1651 exsolvere
1381 1614 1564 1666 pergo,

242 1674 441 1727 deinde
478 1674 625 1743 quod
662 1674 892 1728 obscura
927 1673 998 1727 de
1034 1691 1095 1727 re
1130 1678 1246 1727 tam
1282 1674 1464 1727 lueida
1500 1689 1678 1742 pango

242 1751 494 1817 can-unna,
530 1766 752 1804 musaeo
788 1750 1107 1818 contingens
1142 1755 1340 1804 cuncta
1375 1749 1574 1820 lepore.

238 1828 299 1881 id
335 1844 548 1895 quoque
584 1828 728 1881 enim
764 1828 867 1879 no'n
906 1828 975 1880 ab
1011 1822 1160 1881 nulla
1193 1826 1404 1880 ratione
1440 1827 1673 1880 videtur.
1899 1841 1948 1882 10

240 1920 366 1957 nam
406 1904 573 1958 veluti
610 1904 795 1973 pueris
834 1903 1106 1957 absinthia
1141 1910 1322 1957 taetra
1357 1902 1644 1957 medentes

241 1996 364 2034 cum
401 1980 535 2035 dare
570 1986 853 2049 conantur,
887 1981 1041 2049 prius
1076 1996 1200 2033 oras
1235 1980 1430 2048 poeula
1465 1979 1668 2034 circum

242 2057 564 2125 contingunt
598 2058 776 2112 mellis
812 2057 958 2111 dulci
996 2056 1244 2124 flavoque
1279 2055 1505 2125 liquore,

241 2136 306 2186 ut
341 2150 632 2201 puerorum
668 2138 822 2189 aetas
857 2133 1144 2203 inprovida.
1177 2131 1492 2187 ludificetur

239 2208 515 2262 labrorum
553 2213 729 2277 tenus,
768 2210 982 2263 interea
1018 2211 1277 2278 perpotet
1313 2225 1556 2261 amarum
1901 2222 1947 2261 15

240 2284 480 2361 absinthi
516 2286 734 2339 laticem
774 2285 1118 2355 deceptaque
1153 2300 1261 2337 non
1298 2286 1559 2353 capiatur,

243 2360 341 2415 sed
378 2362 562 2430 potius
598 2361 694 2415 tali
730 2367 894 2431 paeto
931 2366 1182 2415 recreata
1217 2361 1469 2423 valescat,

242 2438 318 2491 sic
354 2454 455 2505 ego
492 2455 649 2504 nunc,
686 2439 937 2507 quoniam
974 2438 1109 2491 haee
1147 2437 1288 2491 ratio
1323 2437 1647 2507 plerumque
1683 2436 1902 2491 videtur

240 2514 455 2567 tristior
491 2531 611 2568 esse
646 2516 843 2582 quibus
876 2530 985 2567 non
1022 2518 1108 2567 est
1146 2516 1401 2581 tractata,
1435 2516 1694 2581 retroque

242 2589 435 2657 volgus
472 2589 731 2643 abhorret
765 2590 835 2642 ab
870 2590 987 2657 hac,
1024 2590 1169 2643 volui
1203 2589 1308 2643 tibi
1345 2588 1742 2658 suaviloquenti
1900 2603 1947 2641 2⁰

242 2666 480 2719 carmine
521 2666 699 2719 Pierio
733 2667 1001 2719 rationem
1037 2682 1314 2734 exponere
1347 2668 1591 2719 nostram

242 2744 303 2795 et
338 2740 497 2809 quasi
530 2757 752 2795 musaeo
788 2741 935 2795 dulei
970 2741 1290 2808 contingere
1326 2742 1504 2809 melle,

242 2818 289 2872 si
322 2817 425 2872 tibi
458 2817 605 2871 forte
639 2818 878 2871 animum
914 2818 1010 2872 tali
1046 2817 1260 2871 ratione
1295 2821 1486 2871 tenere

241 2893 489 2947 versibus
524 2894 581 2947 in
616 2894 817 2947 nostris
852 2910 1086 2963 possem,
1123 2894 1256 2947 dum
1291 2894 1530 2964 percipis
1565 2909 1776 2947 omnem

240 2972 492 3022 naturam
527 2986 711 3022 rerum
748 2986 811 3024 ae
848 2970 1120 3039 persentis
1157 2968 1490 3039 utilitatem]
1901 2984 1946 3020 25

318 3046 505 3112 Atque
542 3046 706 3098 animi
742 3047 993 3113 quoniam
1034 3046 1196 3099 docui
1229 3048 1426 3098 natura
1461 3045 1595 3113 quid
1632 3049 1780 3098 esset

240 3121 302 3172 et
336 3120 533 3188 quibus
567 3137 599 3171 e
634 3122 799 3175 rebus
834 3137 955 3175 cum
994 3136 1222 3189 corpore
1258 3124 1479 3190 compta
1513 3121 1725 3188 vigeret
