<?xml version="1.0" encoding="UTF-8"?>
<!DOCTYPE html PUBLIC "-//W3C//DTD XHTML 1.0 Transitional//EN"
    "http://www.w3.org/TR/xhtml1/DTD/xhtml1-transitional.dtd">
<html xmlns="http://www.w3.org/1999/xhtml" xml:lang="en" lang="en">
 <head>
  <title>
</title>
<meta http-equiv="Content-Type" content="text/html;charset=utf-8" />
  <meta name='ocr-system' content='tesseract 3.04.00' />
  <meta name='ocr-capabilities' content='ocr_page ocr_carea ocr_par ocr_line ocrx_word'/>
</head>
<body>
  <div class='ocr_page' id='page_1' title='image "./tlucreticarider09munrgoog_0103.png"; bbox 0 0 2259 3550; ppageno 0'>
   <div class='ocr_carea' id='block_1_1' title="bbox 347 103 2056 291">
    <p class='ocr_par' dir='ltr' id='par_1_1' title="bbox 347 103 2056 291">
     <span class='ocr_line' id='line_1_1' title="bbox 1175 103 2056 167; baseline 0.008 -7"><span class='ocrx_word' id='word_1_1' title='bbox 1175 103 1245 161; x_wconf 76' lang='lat'><strong>11</strong></span> <span class='ocrx_word' id='word_1_2' title='bbox 1979 109 2056 167; x_wconf 84' lang='grc'><strong>57</strong></span> 
     </span>
     <span class='ocr_line' id='line_1_2' title="bbox 347 209 1955 291; baseline -0.003 -20"><span class='ocrx_word' id='word_1_3' title='bbox 347 217 521 271; x_wconf 66' lang='lat' dir='ltr'><strong>dualis</strong></span> <span class='ocrx_word' id='word_1_4' title='bbox 553 217 647 268; x_wconf 72' lang='lat' dir='ltr'><strong>hic·</strong></span> <span class='ocrx_word' id='word_1_5' title='bbox 678 221 774 272; x_wconf 76' lang='lat' dir='ltr'><strong>est.</strong></span> <span class='ocrx_word' id='word_1_6' title='bbox 814 212 974 268; x_wconf 83' lang='lat' dir='ltr'><strong>avido</strong></span> <span class='ocrx_word' id='word_1_7' title='bbox 1006 209 1292 280; x_wconf 81' lang='lat' dir='ltr'><strong>complexu</strong></span> <span class='ocrx_word' id='word_1_8' title='bbox 1325 227 1488 278; x_wconf 79' lang='lat' dir='ltr'><strong>quem</strong></span> <span class='ocrx_word' id='word_1_9' title='bbox 1520 213 1680 268; x_wconf 77' lang='lat' dir='ltr'><strong>tenet</strong></span> <span class='ocrx_word' id='word_1_10' title='bbox 1713 212 1918 276; x_wconf 71' lang='lat' dir='ltr'><strong>aether.</strong></span> <span class='ocrx_word' id='word_1_11' title='bbox 1947 279 1955 291; x_wconf 39' lang='grc' dir='ltr'>Ι</span> 
     </span>
    </p>
   </div>
   <div class='ocr_carea' id='block_1_2' title="bbox 346 287 2196 913">
    <p class='ocr_par' dir='ltr' id='par_1_2' title="bbox 346 287 2198 913">
     <span class='ocr_line' id='line_1_3' title="bbox 420 287 2196 402; baseline 0.001 -40"><span class='ocrx_word' id='word_1_12' title='bbox 420 313 713 362; x_wconf 70' lang='lat' dir='ltr'><strong>Praeterea</strong></span> <span class='ocrx_word' id='word_1_13' title='bbox 745 327 867 363; x_wconf 90' lang='lat' dir='ltr'><strong>eum</strong></span> <span class='ocrx_word' id='word_1_14' title='bbox 904 303 1160 362; x_wconf 80' lang='lat' dir='ltr'><strong>materies</strong></span> <span class='ocrx_word' id='word_1_15' title='bbox 1196 313 1283 364; x_wconf 84' lang='lat' dir='ltr'><strong>est</strong></span> <span class='ocrx_word' id='word_1_16' title='bbox 1317 309 1490 364; x_wconf 82' lang='lat' dir='ltr'><strong>multa</strong></span> <span class='ocrx_word' id='word_1_17' title='bbox 1523 315 1729 378; x_wconf 86' lang='lat' dir='ltr'><strong>parata,</strong></span> <span class='ocrx_word' id='word_1_18' title='bbox 1856 287 2196 402; x_wconf 33' lang='lat' dir='ltr'><strong>wsb}</strong></span> 
     </span>
     <span class='ocr_line' id='line_1_4' title="bbox 346 351 2138 472; baseline 0.001 -32"><span class='ocrx_word' id='word_1_19' title='bbox 346 404 469 440; x_wconf 89' lang='lat' dir='ltr'><strong>eum</strong></span> <span class='ocrx_word' id='word_1_20' title='bbox 506 386 652 439; x_wconf 91' lang='lat' dir='ltr'><strong>locus</strong></span> <span class='ocrx_word' id='word_1_21' title='bbox 688 390 773 440; x_wconf 86' lang='lat' dir='ltr'><strong>est</strong></span> <span class='ocrx_word' id='word_1_22' title='bbox 808 389 1027 454; x_wconf 82' lang='lat' dir='ltr'><strong>praesto</strong></span> <span class='ocrx_word' id='word_1_23' title='bbox 1063 401 1162 439; x_wconf 87' lang='lat' dir='ltr'><strong>nee</strong></span> <span class='ocrx_word' id='word_1_24' title='bbox 1196 403 1286 440; x_wconf 87' lang='lat' dir='ltr'><strong>res</strong></span> <span class='ocrx_word' id='word_1_25' title='bbox 1320 403 1421 440; x_wconf 90' lang='lat' dir='ltr'><strong>nee</strong></span> <span class='ocrx_word' id='word_1_26' title='bbox 1457 403 1620 440; x_wconf 82' lang='lat' dir='ltr'><strong>eausa</strong></span> <span class='ocrx_word' id='word_1_27' title='bbox 1653 392 1898 442; x_wconf 85' lang='lat' dir='ltr'><strong>moratur</strong></span> <span class='ocrx_word' id='word_1_28' title='bbox 1932 351 2138 472; x_wconf 55' lang='lat' dir='ltr'><strong>‘ww</strong></span> 
     </span>
     <span class='ocr_line' id='line_1_5' title="bbox 346 461 2196 534; baseline 0.003 -19"><span class='ocrx_word' id='word_1_29' title='bbox 346 464 471 530; x_wconf 81' lang='lat' dir='ltr'><strong>ulla,</strong></span> <span class='ocrx_word' id='word_1_30' title='bbox 506 462 625 531; x_wconf 82' lang='lat' dir='ltr'><strong>geri</strong></span> <span class='ocrx_word' id='word_1_31' title='bbox 661 461 866 516; x_wconf 86' lang='lat' dir='ltr'><strong>debent</strong></span> <span class='ocrx_word' id='word_1_32' title='bbox 900 461 1156 515; x_wconf 88' lang='lat' dir='ltr'><strong>nimirum</strong></span> <span class='ocrx_word' id='word_1_33' title='bbox 1191 467 1249 516; x_wconf 88' lang='lat' dir='ltr'><strong>et</strong></span> <span class='ocrx_word' id='word_1_34' title='bbox 1283 462 1504 516; x_wconf 83' lang='lat' dir='ltr'><strong>confieri</strong></span> <span class='ocrx_word' id='word_1_35' title='bbox 1540 479 1642 517; x_wconf 76' lang='lat' dir='ltr'><strong>res,</strong></span> <span class='ocrx_word' id='word_1_36' title='bbox 1764 497 1800 534; x_wconf 46' lang='grc' dir='ltr'>Ἰ</span> <span class='ocrx_word' id='word_1_37' title='bbox 2189 512 2196 521; x_wconf 89' lang='grc'><strong><em>,</em></strong></span> 
     </span>
     <span class='ocr_line' id='line_1_6' title="bbox 346 538 2038 608; baseline 0.001 -16"><span class='ocrx_word' id='word_1_38' title='bbox 346 555 490 593; x_wconf 87' lang='lat' dir='ltr'><strong>nune</strong></span> <span class='ocrx_word' id='word_1_39' title='bbox 526 543 584 593; x_wconf 91' lang='lat' dir='ltr'><strong>et</strong></span> <span class='ocrx_word' id='word_1_40' title='bbox 618 538 913 592; x_wconf 81' lang='lat' dir='ltr'><strong>seminibus</strong></span> <span class='ocrx_word' id='word_1_41' title='bbox 948 538 995 591; x_wconf 88' lang='lat' dir='ltr'><strong>si</strong></span> <span class='ocrx_word' id='word_1_42' title='bbox 1028 542 1187 592; x_wconf 82' lang='lat' dir='ltr'><strong>tanta</strong></span> <span class='ocrx_word' id='word_1_43' title='bbox 1221 543 1306 592; x_wconf 88' lang='lat' dir='ltr'><strong>cst</strong></span> <span class='ocrx_word' id='word_1_44' title='bbox 1339 538 1496 608; x_wconf 86' lang='lat' dir='ltr'><strong>eopia</strong></span> <span class='ocrx_word' id='word_1_45' title='bbox 1529 543 1787 608; x_wconf 84' lang='lat' dir='ltr'><strong>quantam</strong></span> <span class='ocrx_word' id='word_1_46' title='bbox 1967 553 2038 594; x_wconf 79' lang='lat' dir='ltr'><strong>1u7</strong></span> 
     </span>
     <span class='ocr_line' id='line_1_7' title="bbox 350 585 2141 683; baseline 0.001 -15"><span class='ocrx_word' id='word_1_47' title='bbox 350 633 669 669; x_wconf 86' lang='lat' dir='ltr'><strong>enumerare</strong></span> <span class='ocrx_word' id='word_1_48' title='bbox 704 619 857 670; x_wconf 82' lang='lat' dir='ltr'><strong>aetas</strong></span> <span class='ocrx_word' id='word_1_49' title='bbox 892 612 1228 676; x_wconf 79' lang='lat' dir='ltr'><strong>animantum</strong></span> <span class='ocrx_word' id='word_1_50' title='bbox 1264 630 1369 668; x_wconf 89' lang='lat' dir='ltr'><strong>non</strong></span> <span class='ocrx_word' id='word_1_51' title='bbox 1407 620 1574 683; x_wconf 88' lang='lat' dir='ltr'><strong>queat</strong></span> <span class='ocrx_word' id='word_1_52' title='bbox 1605 615 1796 683; x_wconf 83' lang='lat' dir='ltr'><strong>omnis,</strong></span> <span class='ocrx_word' id='word_1_53' title='bbox 1884 585 2141 660; x_wconf 51' lang='lat' dir='ltr'><strong>amm</strong></span> 
     </span>
     <span class='ocr_line' id='line_1_8' title="bbox 350 691 1933 759; baseline -0.001 -14"><span class='ocrx_word' id='word_1_54' title='bbox 350 693 535 758; x_wconf 77' lang='lat' dir='ltr'><strong>visque</strong></span> <span class='ocrx_word' id='word_1_55' title='bbox 570 691 761 745; x_wconf 84' lang='lat' dir='ltr'><strong>eadem</strong></span> <span class='ocrx_word' id='word_1_56' title='bbox 796 698 845 746; x_wconf 78' lang='lat' dir='ltr'><strong>et</strong></span> <span class='ocrx_word' id='word_1_57' title='bbox 882 694 1079 744; x_wconf 83' lang='lat' dir='ltr'><strong>natura</strong></span> <span class='ocrx_word' id='word_1_58' title='bbox 1110 695 1298 744; x_wconf 87' lang='lat' dir='ltr'><strong>manet</strong></span> <span class='ocrx_word' id='word_1_59' title='bbox 1332 707 1473 759; x_wconf 82' lang='lat' dir='ltr'><strong>quae</strong></span> <span class='ocrx_word' id='word_1_60' title='bbox 1509 691 1716 744; x_wconf 86' lang='lat' dir='ltr'><strong>semina</strong></span> <span class='ocrx_word' id='word_1_61' title='bbox 1750 707 1933 745; x_wconf 85' lang='lat' dir='ltr'><strong>rerum</strong></span> 
     </span>
     <span class='ocr_line' id='line_1_9' title="bbox 351 766 1768 835; baseline 0.001 -15"><span class='ocrx_word' id='word_1_62' title='bbox 351 769 597 822; x_wconf 85' lang='lat' dir='ltr'>conicere</span> <span class='ocrx_word' id='word_1_63' title='bbox 633 767 689 821; x_wconf 88' lang='lat' dir='ltr'><strong>in</strong></span> <span class='ocrx_word' id='word_1_64' title='bbox 724 768 841 821; x_wconf 88' lang='lat' dir='ltr'><strong>loea</strong></span> <span class='ocrx_word' id='word_1_65' title='bbox 876 783 1121 835; x_wconf 87' lang='lat' dir='ltr'><strong>quaeque</strong></span> <span class='ocrx_word' id='word_1_66' title='bbox 1157 770 1323 835; x_wconf 66' lang='lat' dir='ltr'><strong>«pleat</strong></span> <span class='ocrx_word' id='word_1_67' title='bbox 1359 766 1519 820; x_wconf 84' lang='lat' dir='ltr'><strong>simili</strong></span> <span class='ocrx_word' id='word_1_68' title='bbox 1555 767 1768 821; x_wconf 87' lang='lat' dir='ltr'><strong>ratione</strong></span> 
     </span>
     <span class='ocr_line' id='line_1_10' title="bbox 352 843 1823 913; baseline -0.001 -15"><span class='ocrx_word' id='word_1_69' title='bbox 352 847 519 913; x_wconf 85' lang='lat' dir='ltr'><strong>atque</strong></span> <span class='ocrx_word' id='word_1_70' title='bbox 552 844 657 897; x_wconf 85' lang='lat' dir='ltr'><strong>hue</strong></span> <span class='ocrx_word' id='word_1_71' title='bbox 694 847 822 897; x_wconf 82' lang='lat' dir='ltr'><strong>sunt</strong></span> <span class='ocrx_word' id='word_1_72' title='bbox 855 844 1114 910; x_wconf 79' lang='lat' dir='ltr'><strong>coniecta,</strong></span> <span class='ocrx_word' id='word_1_73' title='bbox 1151 859 1373 897; x_wconf 87' lang='lat' dir='ltr'><strong>neccsse</strong></span> <span class='ocrx_word' id='word_1_74' title='bbox 1409 849 1493 897; x_wconf 87' lang='lat' dir='ltr'><strong>est</strong></span> <span class='ocrx_word' id='word_1_75' title='bbox 1529 843 1823 897; x_wconf 85' lang='lat' dir='ltr'><strong>confiteare</strong></span> 
     </span>
    </p>
   </div>
   <div class='ocr_carea' id='block_1_3' title="bbox 288 919 2223 3196">
    <p class='ocr_par' dir='ltr' id='par_1_3' title="bbox 354 919 2063 987">
     <span class='ocr_line' id='line_1_11' title="bbox 354 919 2063 987; baseline 0 -14"><span class='ocrx_word' id='word_1_76' title='bbox 354 936 473 974; x_wconf 80' lang='lat' dir='ltr'><strong>esse</strong></span> <span class='ocrx_word' id='word_1_77' title='bbox 508 921 641 974; x_wconf 84' lang='lat' dir='ltr'><strong>alios</strong></span> <span class='ocrx_word' id='word_1_78' title='bbox 674 920 792 972; x_wconf 82' lang='lat' dir='ltr'><strong>aliis</strong></span> <span class='ocrx_word' id='word_1_79' title='bbox 828 923 1101 972; x_wconf 86' lang='lat' dir='ltr'><strong>terrarum</strong></span> <span class='ocrx_word' id='word_1_80' title='bbox 1137 919 1192 972; x_wconf 91' lang='lat' dir='ltr'><strong>in</strong></span> <span class='ocrx_word' id='word_1_81' title='bbox 1227 919 1476 987; x_wconf 84' lang='lat' dir='ltr'><strong>partibus</strong></span> <span class='ocrx_word' id='word_1_82' title='bbox 1509 919 1657 972; x_wconf 84' lang='lat' dir='ltr'><strong>orbis</strong></span> <span class='ocrx_word' id='word_1_83' title='bbox 1971 935 2063 973; x_wconf 85' lang='lat'>1075</span> 
     </span>
    </p>

    <p class='ocr_par' dir='ltr' id='par_1_4' title="bbox 352 995 2194 1147">
     <span class='ocr_line' id='line_1_12' title="bbox 352 995 2160 1062; baseline 0 -14"><span class='ocrx_word' id='word_1_84' title='bbox 352 999 411 1050; x_wconf 88' lang='lat' dir='ltr'><strong>et</strong></span> <span class='ocrx_word' id='word_1_85' title='bbox 444 997 619 1049; x_wconf 80' lang='lat' dir='ltr'><strong>varias</strong></span> <span class='ocrx_word' id='word_1_86' title='bbox 655 995 929 1048; x_wconf 89' lang='lat' dir='ltr'><strong>hominum</strong></span> <span class='ocrx_word' id='word_1_87' title='bbox 965 996 1148 1062; x_wconf 85' lang='lat' dir='ltr'><strong>gentis</strong></span> <span class='ocrx_word' id='word_1_88' title='bbox 1184 998 1243 1048; x_wconf 79' lang='lat' dir='ltr'><strong>et</strong></span> <span class='ocrx_word' id='word_1_89' title='bbox 1279 995 1456 1049; x_wconf 85' lang='lat' dir='ltr'><strong>saecla</strong></span> <span class='ocrx_word' id='word_1_90' title='bbox 1489 995 1742 1049; x_wconf 78' lang='lat' dir='ltr'><strong>seramm.</strong></span> <span class='ocrx_word' id='word_1_91' title='bbox 2148 1040 2160 1055; x_wconf 85' lang='grc'><strong><em>,</em></strong></span> 
     </span>
     <span class='ocr_line' id='line_1_13' title="bbox 427 1059 2194 1147; baseline -0.003 -23"><span class='ocrx_word' id='word_1_92' title='bbox 427 1072 551 1126; x_wconf 85' lang='lat' dir='ltr'><strong>Huc</strong></span> <span class='ocrx_word' id='word_1_93' title='bbox 586 1070 801 1125; x_wconf 86' lang='lat' dir='ltr'><strong>aceedit</strong></span> <span class='ocrx_word' id='word_1_94' title='bbox 835 1075 899 1124; x_wconf 88' lang='lat' dir='ltr'><strong>ut</strong></span> <span class='ocrx_word' id='word_1_95' title='bbox 934 1071 988 1123; x_wconf 86' lang='lat' dir='ltr'><strong>in</strong></span> <span class='ocrx_word' id='word_1_96' title='bbox 1025 1087 1238 1124; x_wconf 86' lang='lat' dir='ltr'><strong>summa</strong></span> <span class='ocrx_word' id='word_1_97' title='bbox 1271 1087 1361 1124; x_wconf 89' lang='lat' dir='ltr'><strong>res</strong></span> <span class='ocrx_word' id='word_1_98' title='bbox 1397 1072 1545 1124; x_wconf 81' lang='lat' dir='ltr'><strong>nulla</strong></span> <span class='ocrx_word' id='word_1_99' title='bbox 1580 1072 1653 1124; x_wconf 89' lang='lat' dir='ltr'><strong>sit</strong></span> <span class='ocrx_word' id='word_1_100' title='bbox 1687 1089 1808 1138; x_wconf 86' lang='lat' dir='ltr'><strong>una,</strong></span> <span class='ocrx_word' id='word_1_101' title='bbox 1839 1059 2194 1147; x_wconf 51' lang='lat' dir='ltr'><strong>Qut·</strong></span> 
     </span>
    </p>

    <p class='ocr_par' dir='ltr' id='par_1_5' title="bbox 352 1120 2187 1226">
     <span class='ocr_line' id='line_1_14' title="bbox 352 1120 2187 1226; baseline 0.001 -25"><span class='ocrx_word' id='word_1_102' title='bbox 352 1147 511 1202; x_wconf 82' lang='lat' dir='ltr'><strong>unica</strong></span> <span class='ocrx_word' id='word_1_103' title='bbox 545 1165 684 1216; x_wconf 84' lang='lat' dir='ltr'><strong>quae</strong></span> <span class='ocrx_word' id='word_1_104' title='bbox 719 1149 974 1216; x_wconf 80' lang='lat' dir='ltr'><strong>gignatur</strong></span> <span class='ocrx_word' id='word_1_105' title='bbox 1010 1151 1067 1201; x_wconf 96' lang='lat' dir='ltr'><strong>et</strong></span> <span class='ocrx_word' id='word_1_106' title='bbox 1103 1149 1261 1201; x_wconf 86' lang='lat' dir='ltr'><strong>unica</strong></span> <span class='ocrx_word' id='word_1_107' title='bbox 1298 1149 1516 1216; x_wconf 83' lang='lat' dir='ltr'><strong>solaque</strong></span> <span class='ocrx_word' id='word_1_108' title='bbox 1551 1152 1774 1214; x_wconf 72' lang='lat' dir='ltr'><strong>creseat,</strong></span> <span class='ocrx_word' id='word_1_109' title='bbox 1831 1154 1980 1210; x_wconf 56' lang='lat' dir='ltr'><em>Q</em></span> <span class='ocrx_word' id='word_1_110' title='bbox 2011 1120 2187 1226; x_wconf 45' lang='lat'><strong>“20⁴2‘&#39;</strong></span> 
     </span>
    </p>

    <p class='ocr_par' dir='ltr' id='par_1_6' title="bbox 350 1191 2220 1292">
     <span class='ocr_line' id='line_1_15' title="bbox 350 1191 2220 1292; baseline -0.001 -15"><span class='ocrx_word' id='word_1_111' title='bbox 350 1225 480 1292; x_wconf 91' lang='lat' dir='ltr'><strong>quin</strong></span> <span class='ocrx_word' id='word_1_112' title='bbox 514 1225 763 1292; x_wconf 88' lang='lat' dir='ltr'><strong>aliquoiu’</strong></span> <span class='ocrx_word' id='word_1_113' title='bbox 804 1225 908 1278; x_wconf 88' lang='lat' dir='ltr'><strong>siet</strong></span> <span class='ocrx_word' id='word_1_114' title='bbox 944 1223 1103 1278; x_wconf 83' lang='lat' dir='ltr'><strong>saecli</strong></span> <span class='ocrx_word' id='word_1_115' title='bbox 1140 1224 1516 1292; x_wconf 81' lang='lat' dir='ltr'><strong>permultaque</strong></span> <span class='ocrx_word' id='word_1_116' title='bbox 1552 1223 1743 1277; x_wconf 86' lang='lat' dir='ltr'><strong>eodem</strong></span> <span class='ocrx_word' id='word_1_117' title='bbox 1893 1191 2025 1271; x_wconf 41' lang='grc' dir='ltr'><strong>ὄψ’</strong></span> <span class='ocrx_word' id='word_1_118' title='bbox 2049 1193 2220 1249; x_wconf 53' lang='lat' dir='ltr'><strong>&#39;md&#39;</strong></span> 
     </span>
    </p>

    <p class='ocr_par' dir='ltr' id='par_1_7' title="bbox 352 1299 2063 1370">
     <span class='ocr_line' id='line_1_16' title="bbox 352 1299 2063 1370; baseline -0.001 -16"><span class='ocrx_word' id='word_1_119' title='bbox 352 1301 463 1354; x_wconf 82' lang='lat' dir='ltr'><strong>sint</strong></span> <span class='ocrx_word' id='word_1_120' title='bbox 496 1316 711 1369; x_wconf 86' lang='lat' dir='ltr'><strong>genere.</strong></span> <span class='ocrx_word' id='word_1_121' title='bbox 746 1300 802 1353; x_wconf 91' lang='lat' dir='ltr'><strong>in</strong></span> <span class='ocrx_word' id='word_1_122' title='bbox 836 1301 1027 1370; x_wconf 85' lang='lat' dir='ltr'><strong>primis</strong></span> <span class='ocrx_word' id='word_1_123' title='bbox 1062 1299 1395 1365; x_wconf 72' lang='lat' dir='ltr'><strong>animalibuS,</strong></span> <span class='ocrx_word' id='word_1_124' title='bbox 1431 1300 1634 1354; x_wconf 85' lang='lat' dir='ltr'><strong>inclute</strong></span> <span class='ocrx_word' id='word_1_125' title='bbox 1672 1299 1914 1366; x_wconf 85' lang='lat' dir='ltr'><strong>Memmi,</strong></span> <span class='ocrx_word' id='word_1_126' title='bbox 1965 1313 2063 1352; x_wconf 78' lang='grc'>1080</span> 
     </span>
    </p>

    <p class='ocr_par' dir='ltr' id='par_1_8' title="bbox 349 1377 1762 1443">
     <span class='ocr_line' id='line_1_17' title="bbox 349 1377 1762 1443; baseline -0.001 -13"><span class='ocrx_word' id='word_1_127' title='bbox 349 1377 595 1430; x_wconf 80' lang='lat' dir='ltr'><strong>invenies</strong></span> <span class='ocrx_word' id='word_1_128' title='bbox 630 1377 706 1431; x_wconf 88' lang='lat' dir='ltr'><strong>sie</strong></span> <span class='ocrx_word' id='word_1_129' title='bbox 741 1377 1111 1443; x_wconf 78' lang='lat' dir='ltr'><strong>montivagum</strong></span> <span class='ocrx_word' id='word_1_130' title='bbox 1147 1392 1320 1443; x_wconf 86' lang='lat' dir='ltr'><strong>genus</strong></span> <span class='ocrx_word' id='word_1_131' title='bbox 1355 1392 1476 1429; x_wconf 87' lang='lat' dir='ltr'><strong>esse</strong></span> <span class='ocrx_word' id='word_1_132' title='bbox 1512 1377 1762 1442; x_wconf 84' lang='lat' dir='ltr'><strong>ferarum,</strong></span> 
     </span>
    </p>

    <p class='ocr_par' dir='ltr' id='par_1_9' title="bbox 352 1451 1870 1521">
     <span class='ocr_line' id='line_1_18' title="bbox 352 1451 1870 1521; baseline 0.001 -15"><span class='ocrx_word' id='word_1_133' title='bbox 352 1452 428 1507; x_wconf 86' lang='lat' dir='ltr'><strong>sie</strong></span> <span class='ocrx_word' id='word_1_134' title='bbox 462 1453 739 1508; x_wconf 90' lang='lat' dir='ltr'><strong>hominum</strong></span> <span class='ocrx_word' id='word_1_135' title='bbox 773 1453 1013 1521; x_wconf 75' lang='lat' dir='ltr'><strong>genitam</strong></span> <span class='ocrx_word' id='word_1_136' title='bbox 1049 1451 1275 1521; x_wconf 84' lang='lat' dir='ltr'><strong>prolem,</strong></span> <span class='ocrx_word' id='word_1_137' title='bbox 1311 1452 1387 1505; x_wconf 88' lang='lat' dir='ltr'><strong>sie</strong></span> <span class='ocrx_word' id='word_1_138' title='bbox 1423 1451 1655 1520; x_wconf 84' lang='lat' dir='ltr'><strong>deniquo</strong></span> <span class='ocrx_word' id='word_1_139' title='bbox 1689 1455 1870 1507; x_wconf 81' lang='lat' dir='ltr'><strong>mutas</strong></span> 
     </span>
    </p>

    <p class='ocr_par' dir='ltr' id='par_1_10' title="bbox 288 1526 1932 1597">
     <span class='ocr_line' id='line_1_19' title="bbox 288 1526 1932 1597; baseline -0.001 -14"><span class='ocrx_word' id='word_1_140' title='bbox 288 1579 291 1582; x_wconf 83' lang='lat'><strong>.</strong></span> <span class='ocrx_word' id='word_1_141' title='bbox 352 1530 753 1597; x_wconf 85' lang='lat' dir='ltr'><strong>squamigerum</strong></span> <span class='ocrx_word' id='word_1_142' title='bbox 788 1526 1024 1596; x_wconf 83' lang='lat' dir='ltr'><strong>pecudes</strong></span> <span class='ocrx_word' id='word_1_143' title='bbox 1060 1532 1119 1580; x_wconf 90' lang='lat' dir='ltr'><strong>et</strong></span> <span class='ocrx_word' id='word_1_144' title='bbox 1155 1544 1384 1597; x_wconf 83' lang='lat' dir='ltr'><strong>corpora</strong></span> <span class='ocrx_word' id='word_1_145' title='bbox 1417 1535 1611 1582; x_wconf 81' lang='lat' dir='ltr'><strong>cuneta</strong></span> <span class='ocrx_word' id='word_1_146' title='bbox 1646 1529 1932 1582; x_wconf 80' lang='lat' dir='ltr'><strong>volantum.</strong></span> 
     </span>
    </p>

    <p class='ocr_par' dir='ltr' id='par_1_11' title="bbox 352 1603 1740 1674">
     <span class='ocr_line' id='line_1_20' title="bbox 352 1603 1740 1674; baseline 0.001 -16"><span class='ocrx_word' id='word_1_147' title='bbox 352 1609 689 1674; x_wconf 85' lang='lat' dir='ltr'><strong>quapropter</strong></span> <span class='ocrx_word' id='word_1_148' title='bbox 722 1603 929 1658; x_wconf 79' lang='lat' dir='ltr'><strong>caelum</strong></span> <span class='ocrx_word' id='word_1_149' title='bbox 966 1603 1124 1657; x_wconf 87' lang='lat' dir='ltr'><strong>simili</strong></span> <span class='ocrx_word' id='word_1_150' title='bbox 1159 1605 1368 1657; x_wconf 83' lang='lat' dir='ltr'><strong>ratione</strong></span> <span class='ocrx_word' id='word_1_151' title='bbox 1404 1604 1740 1659; x_wconf 74' lang='lat' dir='ltr'><strong>fatendumst</strong></span> 
     </span>
    </p>

    <p class='ocr_par' dir='ltr' id='par_1_12' title="bbox 353 1681 2063 1749">
     <span class='ocr_line' id='line_1_21' title="bbox 353 1681 2063 1749; baseline 0.001 -15"><span class='ocrx_word' id='word_1_152' title='bbox 353 1684 664 1749; x_wconf 84' lang='lat' dir='ltr'><strong>terramque</strong></span> <span class='ocrx_word' id='word_1_153' title='bbox 688 1684 746 1734; x_wconf 87' lang='lat' dir='ltr'><strong>et</strong></span> <span class='ocrx_word' id='word_1_154' title='bbox 770 1681 938 1734; x_wconf 89' lang='lat' dir='ltr'><strong>solem</strong></span> <span class='ocrx_word' id='word_1_155' title='bbox 963 1681 1144 1733; x_wconf 86' lang='lat' dir='ltr'><strong>lunam</strong></span> <span class='ocrx_word' id='word_1_156' title='bbox 1171 1697 1334 1746; x_wconf 84' lang='lat' dir='ltr'><strong>mare,</strong></span> <span class='ocrx_word' id='word_1_157' title='bbox 1359 1685 1543 1734; x_wconf 84' lang='lat' dir='ltr'><strong>cetera</strong></span> <span class='ocrx_word' id='word_1_158' title='bbox 1566 1698 1706 1749; x_wconf 84' lang='lat' dir='ltr'><strong>quae</strong></span> <span class='ocrx_word' id='word_1_159' title='bbox 1730 1687 1871 1746; x_wconf 84' lang='lat' dir='ltr'><strong>sunt,</strong></span> <span class='ocrx_word' id='word_1_160' title='bbox 1968 1695 2063 1735; x_wconf 74' lang='grc'>1085</span> 
     </span>
    </p>

    <p class='ocr_par' dir='ltr' id='par_1_13' title="bbox 350 1756 1806 1825">
     <span class='ocr_line' id='line_1_22' title="bbox 350 1756 1806 1825; baseline 0 -15"><span class='ocrx_word' id='word_1_161' title='bbox 350 1773 459 1811; x_wconf 86' lang='lat' dir='ltr'><strong>non</strong></span> <span class='ocrx_word' id='word_1_162' title='bbox 494 1773 613 1811; x_wconf 82' lang='lat' dir='ltr'><strong>esse</strong></span> <span class='ocrx_word' id='word_1_163' title='bbox 646 1757 819 1825; x_wconf 83' lang='lat' dir='ltr'><strong>unica,</strong></span> <span class='ocrx_word' id='word_1_164' title='bbox 854 1756 952 1811; x_wconf 89' lang='lat' dir='ltr'><strong>sed</strong></span> <span class='ocrx_word' id='word_1_165' title='bbox 990 1773 1215 1811; x_wconf 87' lang='lat' dir='ltr'><strong>numero</strong></span> <span class='ocrx_word' id='word_1_166' title='bbox 1249 1757 1422 1825; x_wconf 84' lang='lat' dir='ltr'><strong>magis</strong></span> <span class='ocrx_word' id='word_1_167' title='bbox 1457 1757 1806 1824; x_wconf 56' lang='lat' dir='ltr'><strong>imminet-alh</strong></span> 
     </span>
    </p>

    <p class='ocr_par' dir='ltr' id='par_1_14' title="bbox 352 1832 1726 1902">
     <span class='ocr_line' id='line_1_23' title="bbox 352 1832 1726 1902; baseline 0 -15"><span class='ocrx_word' id='word_1_168' title='bbox 352 1832 791 1902; x_wconf 83' lang='lat' dir='ltr'><strong>quandoquidem</strong></span> <span class='ocrx_word' id='word_1_169' title='bbox 827 1833 971 1887; x_wconf 87' lang='lat' dir='ltr'><strong>vitae</strong></span> <span class='ocrx_word' id='word_1_170' title='bbox 1008 1832 1274 1901; x_wconf 86' lang='lat' dir='ltr'><strong>depactus</strong></span> <span class='ocrx_word' id='word_1_171' title='bbox 1309 1833 1579 1887; x_wconf 83' lang='lat' dir='ltr'><strong>terminus</strong></span> <span class='ocrx_word' id='word_1_172' title='bbox 1613 1834 1726 1887; x_wconf 85' lang='lat' dir='ltr'><strong>alte</strong></span> 
     </span>
    </p>

    <p class='ocr_par' dir='ltr' id='par_1_15' title="bbox 353 1908 1880 1978">
     <span class='ocr_line' id='line_1_24' title="bbox 353 1908 1880 1978; baseline 0 -15"><span class='ocrx_word' id='word_1_173' title='bbox 353 1912 468 1963; x_wconf 79' lang='lat' dir='ltr'><strong>tam</strong></span> <span class='ocrx_word' id='word_1_174' title='bbox 504 1912 689 1963; x_wconf 88' lang='lat' dir='ltr'><strong>manet</strong></span> <span class='ocrx_word' id='word_1_175' title='bbox 726 1908 857 1963; x_wconf 87' lang='lat' dir='ltr'><strong>haee</strong></span> <span class='ocrx_word' id='word_1_176' title='bbox 894 1913 953 1962; x_wconf 87' lang='lat' dir='ltr'><strong>et</strong></span> <span class='ocrx_word' id='word_1_177' title='bbox 988 1912 1101 1963; x_wconf 80' lang='lat' dir='ltr'><strong>tam</strong></span> <span class='ocrx_word' id='word_1_178' title='bbox 1137 1908 1320 1962; x_wconf 80' lang='lat' dir='ltr'><strong>nativo</strong></span> <span class='ocrx_word' id='word_1_179' title='bbox 1354 1926 1580 1978; x_wconf 79' lang='lat' dir='ltr'><strong>corpore</strong></span> <span class='ocrx_word' id='word_1_180' title='bbox 1616 1912 1880 1975; x_wconf 84' lang='lat' dir='ltr'><strong>constant,</strong></span> 
     </span>
    </p>

    <p class='ocr_par' dir='ltr' id='par_1_16' title="bbox 354 1984 2223 2132">
     <span class='ocr_line' id='line_1_25' title="bbox 354 1984 2062 2055; baseline -0.001 -16"><span class='ocrx_word' id='word_1_181' title='bbox 354 2002 518 2055; x_wconf 85' lang='lat' dir='ltr'><strong>quam</strong></span> <span class='ocrx_word' id='word_1_182' title='bbox 544 2002 715 2054; x_wconf 83' lang='lat' dir='ltr'><strong>genus</strong></span> <span class='ocrx_word' id='word_1_183' title='bbox 740 2001 899 2039; x_wconf 89' lang='lat' dir='ltr'><strong>omne</strong></span> <span class='ocrx_word' id='word_1_184' title='bbox 923 1985 1070 2052; x_wconf 86' lang='lat' dir='ltr'><strong>quod</strong></span> <span class='ocrx_word' id='word_1_185' title='bbox 1093 1984 1182 2038; x_wconf 87' lang='lat' dir='ltr'><strong>hie</strong></span> <span class='ocrx_word' id='word_1_186' title='bbox 1205 1986 1558 2052; x_wconf 76' lang='lat' dir='ltr'><strong>generatimst</strong></span> <span class='ocrx_word' id='word_1_187' title='bbox 1584 1986 1748 2039; x_wconf 86' lang='lat' dir='ltr'><strong>rebus</strong></span> <span class='ocrx_word' id='word_1_188' title='bbox 1765 1986 2062 2039; x_wconf 82' lang='lat' dir='ltr'><strong>abundans,</strong></span> 
     </span>
     <span class='ocr_line' id='line_1_26' title="bbox 426 2060 2223 2132; baseline 0 -17"><span class='ocrx_word' id='word_1_189' title='bbox 426 2062 575 2127; x_wconf 83' lang='lat' dir='ltr'><strong>Quae</strong></span> <span class='ocrx_word' id='word_1_190' title='bbox 610 2060 747 2114; x_wconf 88' lang='lat' dir='ltr'><strong>bene</strong></span> <span class='ocrx_word' id='word_1_191' title='bbox 783 2062 999 2128; x_wconf 82' lang='lat' dir='ltr'><strong>cognita</strong></span> <span class='ocrx_word' id='word_1_192' title='bbox 1035 2061 1081 2114; x_wconf 91' lang='lat' dir='ltr'><strong>si</strong></span> <span class='ocrx_word' id='word_1_193' title='bbox 1114 2063 1316 2123; x_wconf 85' lang='lat' dir='ltr'><strong>teneas,</strong></span> <span class='ocrx_word' id='word_1_194' title='bbox 1353 2066 1549 2115; x_wconf 84' lang='lat' dir='ltr'><strong>natura</strong></span> <span class='ocrx_word' id='word_1_195' title='bbox 1583 2060 1823 2126; x_wconf 67' lang='lat' dir='ltr'><strong>vide-tur}</strong></span> <span class='ocrx_word' id='word_1_196' title='bbox 1972 2074 2064 2131; x_wconf 84' lang='grc'>1090</span> <span class='ocrx_word' id='word_1_197' title='bbox 2127 2108 2223 2132; x_wconf 50' lang='lat' dir='ltr'><strong>m</strong></span> 
     </span>
    </p>

    <p class='ocr_par' dir='ltr' id='par_1_17' title="bbox 350 2114 2161 2211">
     <span class='ocr_line' id='line_1_27' title="bbox 350 2114 2161 2211; baseline 0 -22"><span class='ocrx_word' id='word_1_198' title='bbox 350 2136 526 2190; x_wconf 87' lang='lat' dir='ltr'><strong>libera</strong></span> <span class='ocrx_word' id='word_1_199' title='bbox 560 2137 815 2191; x_wconf 87' lang='lat' dir='ltr'><strong>continuo</strong></span> <span class='ocrx_word' id='word_1_200' title='bbox 852 2136 1084 2190; x_wconf 87' lang='lat' dir='ltr'><strong>dominis</strong></span> <span class='ocrx_word' id='word_1_201' title='bbox 1118 2136 1332 2205; x_wconf 78' lang='lat' dir='ltr'><strong>privata</strong></span> <span class='ocrx_word' id='word_1_202' title='bbox 1368 2137 1614 2205; x_wconf 85' lang='lat' dir='ltr'><strong>superbis</strong></span> <span class='ocrx_word' id='word_1_203' title='bbox 1838 2114 2059 2206; x_wconf 43' lang='lat'><strong>“2223</strong></span> <span class='ocrx_word' id='word_1_204' title='bbox 2097 2146 2161 2211; x_wconf 57' lang='lat' dir='ltr'><strong>‚f</strong></span> 
     </span>
    </p>

    <p class='ocr_par' dir='ltr' id='par_1_18' title="bbox 352 2210 2209 2282">
     <span class='ocr_line' id='line_1_28' title="bbox 352 2210 2209 2282; baseline -0.002 -17"><span class='ocrx_word' id='word_1_205' title='bbox 352 2210 472 2281; x_wconf 85' lang='lat' dir='ltr'><strong>ipsa</strong></span> <span class='ocrx_word' id='word_1_206' title='bbox 506 2230 604 2268; x_wconf 83' lang='lat' dir='ltr'><strong>sua</strong></span> <span class='ocrx_word' id='word_1_207' title='bbox 638 2230 738 2281; x_wconf 88' lang='lat' dir='ltr'><strong>per</strong></span> <span class='ocrx_word' id='word_1_208' title='bbox 774 2229 833 2265; x_wconf 87' lang='lat' dir='ltr'><strong>se</strong></span> <span class='ocrx_word' id='word_1_209' title='bbox 868 2217 1061 2281; x_wconf 85' lang='lat' dir='ltr'><strong>sponte</strong></span> <span class='ocrx_word' id='word_1_210' title='bbox 1098 2214 1276 2266; x_wconf 81' lang='lat' dir='ltr'><strong>onmia</strong></span> <span class='ocrx_word' id='word_1_211' title='bbox 1311 2213 1395 2266; x_wconf 89' lang='lat' dir='ltr'><strong>dis</strong></span> <span class='ocrx_word' id='word_1_212' title='bbox 1431 2230 1594 2281; x_wconf 85' lang='lat' dir='ltr'><strong>agere</strong></span> <span class='ocrx_word' id='word_1_213' title='bbox 1631 2230 1824 2282; x_wconf 80' lang='lat' dir='ltr'><strong>expers</strong></span> <span class='ocrx_word' id='word_1_214' title='bbox 1890 2210 2097 2265; x_wconf 57' lang='grc' dir='ltr'><strong>ὗὲιηίκ.</strong></span> <span class='ocrx_word' id='word_1_215' title='bbox 2132 2246 2144 2257; x_wconf 82' lang='grc'><strong>.</strong></span> <span class='ocrx_word' id='word_1_216' title='bbox 2203 2246 2209 2259; x_wconf 72' lang='grc'>,</span> 
     </span>
    </p>

    <p class='ocr_par' dir='ltr' id='par_1_19' title="bbox 318 2290 1927 2361">
     <span class='ocr_line' id='line_1_29' title="bbox 318 2290 1927 2361; baseline 0.002 -20"><span class='ocrx_word' id='word_1_217' title='bbox 318 2305 327 2357; x_wconf 66' lang='lat'>3</span> <span class='ocrx_word' id='word_1_218' title='bbox 353 2304 479 2341; x_wconf 86' lang='lat' dir='ltr'><strong>nam</strong></span> <span class='ocrx_word' id='word_1_219' title='bbox 514 2304 615 2357; x_wconf 90' lang='lat' dir='ltr'><strong>pro</strong></span> <span class='ocrx_word' id='word_1_220' title='bbox 652 2292 840 2341; x_wconf 81' lang='lat' dir='ltr'><strong>saneta</strong></span> <span class='ocrx_word' id='word_1_221' title='bbox 876 2290 1039 2341; x_wconf 88' lang='lat' dir='ltr'><strong>deum</strong></span> <span class='ocrx_word' id='word_1_222' title='bbox 1075 2290 1370 2357; x_wconf 83' lang='lat' dir='ltr'><strong>tranquilla</strong></span> <span class='ocrx_word' id='word_1_223' title='bbox 1405 2294 1630 2359; x_wconf 80' lang='lat' dir='ltr'><strong>pectora</strong></span> <span class='ocrx_word' id='word_1_224' title='bbox 1665 2307 1798 2360; x_wconf 84' lang='lat' dir='ltr'><strong>paee</strong></span> <span class='ocrx_word' id='word_1_225' title='bbox 1919 2344 1927 2361; x_wconf 69' lang='lat'>‚</span> 
     </span>
    </p>

    <p class='ocr_par' dir='ltr' id='par_1_20' title="bbox 318 2361 2104 2443">
     <span class='ocr_line' id='line_1_30' title="bbox 318 2361 2104 2443; baseline 0.002 -25"><span class='ocrx_word' id='word_1_226' title='bbox 318 2361 495 2433; x_wconf 71' lang='lat' dir='ltr'><strong>3quae</strong></span> <span class='ocrx_word' id='word_1_227' title='bbox 530 2364 801 2434; x_wconf 83' lang='lat' dir='ltr'><strong>placidum</strong></span> <span class='ocrx_word' id='word_1_228' title='bbox 838 2365 1047 2433; x_wconf 83' lang='lat' dir='ltr'><strong>degunt</strong></span> <span class='ocrx_word' id='word_1_229' title='bbox 1083 2382 1272 2419; x_wconf 82' lang='lat' dir='ltr'><strong>aevom</strong></span> <span class='ocrx_word' id='word_1_230' title='bbox 1307 2367 1583 2435; x_wconf 84' lang='lat' dir='ltr'><strong>vitamque</strong></span> <span class='ocrx_word' id='word_1_231' title='bbox 1619 2362 2047 2443; x_wconf 53' lang='lat' dir='ltr'><strong>serena111,.¹‘*5{,“</strong></span> <span class='ocrx_word' id='word_1_232' title='bbox 2093 2373 2104 2437; x_wconf 67' lang='lat' dir='ltr'>j</span> 
     </span>
    </p>

    <p class='ocr_par' dir='ltr' id='par_1_21' title="bbox 353 2425 2198 2512">
     <span class='ocr_line' id='line_1_31' title="bbox 353 2425 2198 2512; baseline 0.002 -20"><span class='ocrx_word' id='word_1_233' title='bbox 353 2440 475 2508; x_wconf 84' lang='lat' dir='ltr'><strong>quis</strong></span> <span class='ocrx_word' id='word_1_234' title='bbox 500 2456 691 2508; x_wconf 85' lang='lat' dir='ltr'><strong>regere</strong></span> <span class='ocrx_word' id='word_1_235' title='bbox 715 2441 962 2512; x_wconf 84' lang='lat' dir='ltr'><strong>immensi</strong></span> <span class='ocrx_word' id='word_1_236' title='bbox 988 2457 1267 2509; x_wconf 89' lang='lat' dir='ltr'><strong>summam,</strong></span> <span class='ocrx_word' id='word_1_237' title='bbox 1291 2444 1411 2511; x_wconf 88' lang='lat' dir='ltr'><strong>quis</strong></span> <span class='ocrx_word' id='word_1_238' title='bbox 1435 2442 1635 2496; x_wconf 80' lang='lat' dir='ltr'><strong>habere</strong></span> <span class='ocrx_word' id='word_1_239' title='bbox 1657 2425 1914 2511; x_wconf 52' lang='lat' dir='ltr'><strong>profundi</strong></span> <span class='ocrx_word' id='word_1_240' title='bbox 1972 2457 2064 2495; x_wconf 82' lang='lat'>1095</span> <span class='ocrx_word' id='word_1_241' title='bbox 2110 2454 2198 2496; x_wconf 46' lang='grc' dir='ltr'><strong>Ρη.</strong></span> 
     </span>
    </p>

    <p class='ocr_par' dir='ltr' id='par_1_22' title="bbox 350 2502 2178 2587">
     <span class='ocr_line' id='line_1_32' title="bbox 350 2502 2178 2587; baseline 0 -17"><span class='ocrx_word' id='word_1_242' title='bbox 350 2516 486 2570; x_wconf 90' lang='lat' dir='ltr'><strong>indu</strong></span> <span class='ocrx_word' id='word_1_243' title='bbox 522 2532 684 2569; x_wconf 88' lang='lat' dir='ltr'><strong>manu</strong></span> <span class='ocrx_word' id='word_1_244' title='bbox 720 2516 925 2571; x_wconf 84' lang='lat' dir='ltr'><strong>validas</strong></span> <span class='ocrx_word' id='word_1_245' title='bbox 961 2518 1105 2585; x_wconf 91' lang='lat' dir='ltr'><strong>potis</strong></span> <span class='ocrx_word' id='word_1_246' title='bbox 1141 2519 1228 2571; x_wconf 88' lang='lat' dir='ltr'><strong>est</strong></span> <span class='ocrx_word' id='word_1_247' title='bbox 1262 2518 1610 2573; x_wconf 82' lang='lat' dir='ltr'><strong>moderanter</strong></span> <span class='ocrx_word' id='word_1_248' title='bbox 1644 2517 1900 2587; x_wconf 81' lang='lat' dir='ltr'><strong>habenas,</strong></span> <span class='ocrx_word' id='word_1_249' title='bbox 1937 2502 2124 2569; x_wconf 47' lang='lat' dir='ltr'><strong>wof‘d</strong></span> <span class='ocrx_word' id='word_1_250' title='bbox 2171 2548 2178 2557; x_wconf 90' lang='lat'>·</span> 
     </span>
    </p>

    <p class='ocr_par' dir='ltr' id='par_1_23' title="bbox 353 2592 1794 2662">
     <span class='ocr_line' id='line_1_33' title="bbox 353 2592 1794 2662; baseline 0.001 -17"><span class='ocrx_word' id='word_1_251' title='bbox 353 2593 475 2659; x_wconf 83' lang='lat' dir='ltr'><strong>quis</strong></span> <span class='ocrx_word' id='word_1_252' title='bbox 510 2592 717 2662; x_wconf 87' lang='lat' dir='ltr'><strong>pariter</strong></span> <span class='ocrx_word' id='word_1_253' title='bbox 754 2592 928 2647; x_wconf 87' lang='lat' dir='ltr'><strong>caelos</strong></span> <span class='ocrx_word' id='word_1_254' title='bbox 965 2593 1140 2647; x_wconf 88' lang='lat' dir='ltr'><strong>omnis</strong></span> <span class='ocrx_word' id='word_1_255' title='bbox 1175 2597 1494 2648; x_wconf 82' lang='lat' dir='ltr'><strong>convertere</strong></span> <span class='ocrx_word' id='word_1_256' title='bbox 1531 2598 1588 2647; x_wconf 87' lang='lat' dir='ltr'><strong>et</strong></span> <span class='ocrx_word' id='word_1_257' title='bbox 1623 2594 1794 2648; x_wconf 88' lang='lat' dir='ltr'><strong>omnis</strong></span> 
     </span>
    </p>

    <p class='ocr_par' dir='ltr' id='par_1_24' title="bbox 347 2668 1530 2736">
     <span class='ocr_line' id='line_1_34' title="bbox 347 2668 1530 2736; baseline 0.003 -15"><span class='ocrx_word' id='word_1_258' title='bbox 347 2668 566 2736; x_wconf 86' lang='lat' dir='ltr'><strong>ignibus</strong></span> <span class='ocrx_word' id='word_1_259' title='bbox 600 2668 855 2723; x_wconf 81' lang='lat' dir='ltr'><strong>aetheriis</strong></span> <span class='ocrx_word' id='word_1_260' title='bbox 890 2673 1069 2724; x_wconf 87' lang='lat' dir='ltr'><strong>terras</strong></span> <span class='ocrx_word' id='word_1_261' title='bbox 1106 2670 1290 2724; x_wconf 89' lang='lat' dir='ltr'><strong>suffire</strong></span> <span class='ocrx_word' id='word_1_262' title='bbox 1325 2671 1530 2734; x_wconf 63' lang='lat' dir='ltr'><strong>feracia</strong></span> 
     </span>
    </p>

    <p class='ocr_par' dir='ltr' id='par_1_25' title="bbox 352 2744 1810 2816">
     <span class='ocr_line' id='line_1_35' title="bbox 352 2744 1810 2816; baseline 0.001 -19"><span class='ocrx_word' id='word_1_263' title='bbox 352 2744 601 2797; x_wconf 87' lang='lat' dir='ltr'><strong>omnibus</strong></span> <span class='ocrx_word' id='word_1_264' title='bbox 638 2746 757 2799; x_wconf 70' lang='lat' dir='ltr'><strong>inve</strong></span> <span class='ocrx_word' id='word_1_265' title='bbox 791 2746 923 2799; x_wconf 85' lang='lat' dir='ltr'><strong>loeis</strong></span> <span class='ocrx_word' id='word_1_266' title='bbox 957 2762 1077 2800; x_wconf 88' lang='lat' dir='ltr'><strong>esse</strong></span> <span class='ocrx_word' id='word_1_267' title='bbox 1111 2746 1258 2800; x_wconf 91' lang='lat' dir='ltr'><strong>omni</strong></span> <span class='ocrx_word' id='word_1_268' title='bbox 1293 2750 1541 2816; x_wconf 87' lang='lat' dir='ltr'><strong>tempore</strong></span> <span class='ocrx_word' id='word_1_269' title='bbox 1577 2750 1810 2815; x_wconf 88' lang='lat' dir='ltr'><strong>praest0,</strong></span> 
     </span>
    </p>

    <p class='ocr_par' dir='ltr' id='par_1_26' title="bbox 350 2820 2066 2893">
     <span class='ocr_line' id='line_1_36' title="bbox 350 2820 2066 2893; baseline 0.001 -20"><span class='ocrx_word' id='word_1_270' title='bbox 350 2820 585 2874; x_wconf 88' lang='lat' dir='ltr'><strong>nubibus</strong></span> <span class='ocrx_word' id='word_1_271' title='bbox 618 2827 683 2875; x_wconf 88' lang='lat' dir='ltr'><strong>ut</strong></span> <span class='ocrx_word' id='word_1_272' title='bbox 719 2822 970 2875; x_wconf 80' lang='lat' dir='ltr'><strong>tenebras</strong></span> <span class='ocrx_word' id='word_1_273' title='bbox 1005 2823 1170 2876; x_wconf 83' lang='lat' dir='ltr'><strong>faeiat</strong></span> <span class='ocrx_word' id='word_1_274' title='bbox 1203 2823 1446 2893; x_wconf 85' lang='lat' dir='ltr'><strong>caelique</strong></span> <span class='ocrx_word' id='word_1_275' title='bbox 1483 2838 1673 2877; x_wconf 89' lang='lat' dir='ltr'><strong>serena</strong></span> <span class='ocrx_word' id='word_1_276' title='bbox 1857 2850 1862 2859; x_wconf 95' lang='lat'>·</span> <span class='ocrx_word' id='word_1_277' title='bbox 1973 2834 2066 2875; x_wconf 86' lang='grc'>1100</span> 
     </span>
    </p>

    <p class='ocr_par' dir='ltr' id='par_1_27' title="bbox 353 2897 1771 2966">
     <span class='ocr_line' id='line_1_37' title="bbox 353 2897 1771 2966; baseline 0.001 -18"><span class='ocrx_word' id='word_1_278' title='bbox 353 2897 628 2949; x_wconf 84' lang='lat' dir='ltr'><strong>concutiat</strong></span> <span class='ocrx_word' id='word_1_279' title='bbox 664 2898 857 2965; x_wconf 82' lang='lat' dir='ltr'><strong>sonitu,</strong></span> <span class='ocrx_word' id='word_1_280' title='bbox 894 2904 1012 2951; x_wconf 89' lang='lat' dir='ltr'><strong>tum</strong></span> <span class='ocrx_word' id='word_1_281' title='bbox 1046 2898 1272 2966; x_wconf 73' lang='lat' dir='ltr'><strong>fulmina</strong></span> <span class='ocrx_word' id='word_1_282' title='bbox 1306 2900 1492 2953; x_wconf 88' lang='lat' dir='ltr'><strong>mittat</strong></span> <span class='ocrx_word' id='word_1_283' title='bbox 1527 2901 1586 2952; x_wconf 86' lang='lat' dir='ltr'><strong>et</strong></span> <span class='ocrx_word' id='word_1_284' title='bbox 1619 2897 1771 2950; x_wconf 83' lang='lat' dir='ltr'><strong>aedis</strong></span> 
     </span>
    </p>

    <p class='ocr_par' dir='ltr' id='par_1_28' title="bbox 354 2966 2196 3041">
     <span class='ocr_line' id='line_1_38' title="bbox 354 2966 2196 3041; baseline 0.001 -17"><span class='ocrx_word' id='word_1_285' title='bbox 354 2987 519 3041; x_wconf 82' lang='lat' dir='ltr'><strong>saepe</strong></span> <span class='ocrx_word' id='word_1_286' title='bbox 554 2988 679 3026; x_wconf 87' lang='lat' dir='ltr'><strong>suas</strong></span> <span class='ocrx_word' id='word_1_287' title='bbox 714 2972 988 3027; x_wconf 88' lang='lat' dir='ltr'><strong>disturbet</strong></span> <span class='ocrx_word' id='word_1_288' title='bbox 1022 2967 1082 3027; x_wconf 74' lang='grc' dir='ltr'><strong>οἱ</strong></span> <span class='ocrx_word' id='word_1_289' title='bbox 1117 2992 1184 3027; x_wconf 77' lang='lat' dir='ltr'><strong>m</strong></span> <span class='ocrx_word' id='word_1_290' title='bbox 1221 2974 1442 3028; x_wconf 86' lang='lat' dir='ltr'><strong>deserta</strong></span> <span class='ocrx_word' id='word_1_291' title='bbox 1475 2973 1736 3028; x_wconf 88' lang='lat' dir='ltr'><strong>recedens</strong></span> <span class='ocrx_word' id='word_1_292' title='bbox 1823 2988 1975 3035; x_wconf 37' lang='lat' dir='ltr'><strong>uaga„</strong></span> <span class='ocrx_word' id='word_1_293' title='bbox 2079 3006 2100 3017; x_wconf 76' lang='lat'><strong>-·</strong></span> <span class='ocrx_word' id='word_1_294' title='bbox 2141 2966 2196 3014; x_wconf 52' lang='grc' dir='ltr'><strong><em>Ὦ</em></strong></span> 
     </span>
    </p>

    <p class='ocr_par' dir='ltr' id='par_1_29' title="bbox 355 3048 2210 3122">
     <span class='ocr_line' id='line_1_39' title="bbox 355 3048 2210 3122; baseline 0.001 -21"><span class='ocrx_word' id='word_1_295' title='bbox 355 3048 561 3101; x_wconf 80' lang='lat' dir='ltr'><strong>saeviat</strong></span> <span class='ocrx_word' id='word_1_296' title='bbox 594 3065 855 3103; x_wconf 82' lang='lat' dir='ltr'><strong>exercens</strong></span> <span class='ocrx_word' id='word_1_297' title='bbox 890 3050 1061 3104; x_wconf 85' lang='lat' dir='ltr'><strong>telum</strong></span> <span class='ocrx_word' id='word_1_298' title='bbox 1098 3050 1247 3119; x_wconf 88' lang='lat' dir='ltr'><strong>quod</strong></span> <span class='ocrx_word' id='word_1_299' title='bbox 1283 3066 1447 3119; x_wconf 85' lang='lat' dir='ltr'><strong>saepe</strong></span> <span class='ocrx_word' id='word_1_300' title='bbox 1482 3052 1738 3103; x_wconf 85' lang='lat' dir='ltr'><strong>nocentes</strong></span> <span class='ocrx_word' id='word_1_301' title='bbox 1791 3053 1943 3122; x_wconf 41' lang='grc' dir='ltr'><strong>ὓ-..»</strong></span> <span class='ocrx_word' id='word_1_302' title='bbox 2003 3084 2008 3089; x_wconf 92' lang='grc'>-</span> <span class='ocrx_word' id='word_1_303' title='bbox 2178 3074 2210 3088; x_wconf 74' lang='lat'><strong>--</strong></span> 
     </span>
    </p>

    <p class='ocr_par' dir='ltr' id='par_1_30' title="bbox 356 3102 2223 3196">
     <span class='ocr_line' id='line_1_40' title="bbox 356 3102 2223 3196; baseline 0.002 -20"><span class='ocrx_word' id='word_1_304' title='bbox 356 3124 624 3193; x_wconf 82' lang='lat' dir='ltr'><strong>praeterit</strong></span> <span class='ocrx_word' id='word_1_305' title='bbox 659 3125 1041 3196; x_wconf 84' lang='lat' dir='ltr'><strong>exanimatque</strong></span> <span class='ocrx_word' id='word_1_306' title='bbox 1074 3125 1328 3194; x_wconf 84' lang='lat' dir='ltr'><strong>indignos</strong></span> <span class='ocrx_word' id='word_1_307' title='bbox 1363 3126 1526 3193; x_wconf 88' lang='lat' dir='ltr'><strong>inque</strong></span> <span class='ocrx_word' id='word_1_308' title='bbox 1561 3126 1870 3179; x_wconf 71' lang='lat' dir='ltr'><strong>merentes?</strong></span> <span class='ocrx_word' id='word_1_309' title='bbox 1901 3102 2223 3157; x_wconf 47' lang='grc' dir='ltr'><em>Μ</em></span> 
     </span>
    </p>
   </div>
   <div class='ocr_carea' id='block_1_4' title="bbox 366 3197 2065 3313">
    <p class='ocr_par' dir='ltr' id='par_1_31' title="bbox 366 3197 2065 3313">
     <span class='ocr_line' id='line_1_41' title="bbox 366 3197 2065 3313; baseline 0.001 -62"><span class='ocrx_word' id='word_1_310' title='bbox 366 3272 393 3313; x_wconf 81' lang='lat'>8</span> <span class='ocrx_word' id='word_1_311' title='bbox 430 3197 715 3269; x_wconf 67' lang='lat' dir='ltr'><strong>Multaque</strong></span> <span class='ocrx_word' id='word_1_312' title='bbox 753 3203 877 3269; x_wconf 82' lang='lat' dir='ltr'><strong>post</strong></span> <span class='ocrx_word' id='word_1_313' title='bbox 912 3202 1097 3254; x_wconf 84' lang='lat' dir='ltr'><strong>mundi</strong></span> <span class='ocrx_word' id='word_1_314' title='bbox 1136 3206 1353 3270; x_wconf 86' lang='lat' dir='ltr'><strong>tempus</strong></span> <span class='ocrx_word' id='word_1_315' title='bbox 1386 3201 1624 3269; x_wconf 84' lang='lat' dir='ltr'><strong>genitale</strong></span> <span class='ocrx_word' id='word_1_316' title='bbox 1660 3200 1914 3268; x_wconf 86' lang='lat' dir='ltr'><strong>diemque</strong></span> <span class='ocrx_word' id='word_1_317' title='bbox 1971 3215 2065 3253; x_wconf 81' lang='lat'>1105</span> 
     </span>
    </p>
   </div>
   <div class='ocr_carea' id='block_1_5' title="bbox 2221 2274 2229 2300">
    <p class='ocr_par' dir='ltr' id='par_1_32' title="bbox 2221 2274 2229 2300">
     <span class='ocr_line' id='line_1_42' title="bbox 2221 2274 2229 2300; baseline 0 0"><span class='ocrx_word' id='word_1_318' title='bbox 2221 2274 2229 2300; x_wconf 70' lang='grc' dir='ltr'>ί</span> 
     </span>
    </p>
   </div>
   <div class='ocr_carea' id='block_1_6' title="bbox 1973 2289 2239 2324">
    <p class='ocr_par' dir='ltr' id='par_1_33' title="bbox 1973 2289 2239 2324">
     <span class='ocr_line' id='line_1_43' title="bbox 1973 2289 2239 2324; baseline -0.008 -8"><span class='ocrx_word' id='word_1_319' title='bbox 1973 2304 2010 2324; x_wconf 56' lang='grc' dir='ltr'><strong>ιι]</strong></span> <span class='ocrx_word' id='word_1_320' title='bbox 2044 2289 2208 2316; x_wconf 41' lang='lat' dir='ltr'><strong>ogd-‘⁸-</strong></span> <span class='ocrx_word' id='word_1_321' title='bbox 2237 2306 2239 2309; x_wconf 54' lang='lat'><strong>⁴</strong></span> 
     </span>
    </p>
   </div>
   <div class='ocr_carea' id='block_1_7' title="bbox 2112 2334 2240 2379">
    <p class='ocr_par' dir='ltr' id='par_1_34' title="bbox 2112 2334 2240 2379">
     <span class='ocr_line' id='line_1_44' title="bbox 2112 2334 2240 2379; baseline -0.008 -7"><span class='ocrx_word' id='word_1_322' title='bbox 2112 2334 2240 2379; x_wconf 33' lang='grc' dir='ltr'><strong>,μμ</strong></span> 
     </span>
    </p>
   </div>
   <div class='ocr_carea' id='block_1_8' title="bbox 2113 2414 2238 2434">
    <p class='ocr_par' dir='ltr' id='par_1_35' title="bbox 2113 2414 2238 2434">
     <span class='ocr_line' id='line_1_45' title="bbox 2113 2414 2238 2434; baseline -0.008 -3"><span class='ocrx_word' id='word_1_323' title='bbox 2113 2414 2238 2434; x_wconf 46' lang='grc' dir='ltr'><strong>4,υῶ</strong></span> 
     </span>
    </p>
   </div>
  </div>
 </body>
</html>
