2259 3550
1187 125 1248 181 V
1961 126 2066 184 141

368 228 769 302 quadripedum
803 229 1065 284 membris
1099 233 1160 284 et
1193 245 1422 300 corpore
1457 232 1926 300 pennipotentum,

368 309 445 360 sic
480 323 619 361 nova
654 313 772 359 tum
809 306 973 360 tellus
1009 307 1207 360 herbas
1240 306 1585 376 virgultaque
1619 311 1856 378 primum
2000 324 2075 367 790

368 385 602 451 sustulit,
640 382 770 436 inde
805 383 909 436 loci
946 384 1198 436 mortalia
1233 384 1411 436 saecla
1447 387 1652 440 creavit

366 461 539 514 multa
575 460 749 513 modis
786 459 973 513 multis
1008 460 1160 513 varia
1195 460 1408 514 ratione
1443 465 1649 516 coorta.

365 555 491 590 nam
528 553 705 605 neque
742 537 813 589 de
848 536 997 590 caelo
1033 537 1296 590 cecidisse
1333 536 1586 591 animalia
1620 543 1848 607 possunt

366 631 466 668 nec
500 613 786 668 terrestria
822 612 893 666 de
928 612 1083 666 salsis
1118 612 1300 666 exisse
1334 613 1554 668 lacunis,

364 691 631 760 linquitur
666 693 732 743 ut
766 689 963 743 merito
999 693 1307 742 maternum
1343 704 1538 743 nomen
1571 690 1776 758 adepta
1999 705 2072 746 796

364 770 517 821 terra
552 767 639 834 sit,
675 784 706 820 e
740 769 895 819 terra
928 766 1186 834 quoniam
1223 769 1353 820 sunt
1387 769 1586 820 cuneta
1620 771 1817 822 creata.

364 845 647 912 multaque
680 859 821 896 nunc
857 842 1024 918 etiam
1060 842 1306 896 existunt
1341 841 1594 896 animalia
1629 843 1794 897 terris

363 919 631 974 imbribus
667 921 726 971 et
761 917 938 972 calido
974 918 1102 971 solis
1139 923 1392 972 concreta
1427 935 1655 987 vapore;

364 1013 472 1065 quo
509 996 685 1048 minus
722 998 809 1048 est
845 995 1041 1047 mirum
1078 994 1123 1046 si
1162 1000 1282 1047 tum
1319 998 1448 1048 sunt
1482 996 1640 1063 plura
1676 999 1864 1049 coorta

363 1077 423 1128 et
458 1073 677 1139 maiora,
713 1088 853 1124 nova
886 1071 1085 1124 tellure
1121 1075 1290 1140 atque
1325 1072 1549 1125 aethere
1585 1072 1790 1125 adulta„
1995 1085 2072 1125 800

362 1149 626 1218 principio
661 1164 835 1216 genus
868 1147 1098 1200 alituum
1138 1149 1428 1217 variaeque
1462 1148 1708 1202 volucres

365 1243 465 1279 ova
501 1223 884 1292 relinquebant
918 1224 1174 1277 exclusae
1209 1227 1460 1292 tempore
1497 1241 1677 1291 verne,

364 1300 626 1354 folliculos
662 1305 725 1353 ut
760 1317 902 1353 nune
940 1301 1134 1353 teretis
1169 1305 1380 1353 aestate
1416 1300 1634 1354 cicadae

365 1377 573 1430 lincunt
610 1382 805 1446 sponte
842 1389 939 1429 sua
974 1376 1176 1429 vietum
1213 1377 1488 1444 vitamque
1523 1381 1792 1445 petentes.

365 1457 481 1506 tum
520 1453 623 1506 tibi
660 1457 810 1506 terra
846 1451 1003 1505 dedit
1038 1453 1273 1518 primum
1309 1453 1564 1506 mortalia
1597 1455 1782 1507 saecla.
1997 1470 2070 1510 805

366 1530 571 1581 multus
606 1529 749 1583 enim
787 1529 935 1582 calor
970 1531 1138 1596 atque
1175 1543 1330 1581 umor
1365 1529 1662 1596 superabit
1698 1531 1750 1582 in
1789 1532 1945 1584 arvis,

364 1604 466 1658 hoe
500 1605 594 1659 ubi
632 1621 884 1673 quaeque
921 1605 1020 1657 loci
1059 1604 1212 1671 regio
1247 1609 1553 1672 opportuna
1590 1605 1841 1674 dabatur,

365 1680 685 1734 crescebant
720 1681 865 1735 uteri
901 1685 1105 1734 terram
1143 1681 1420 1734 radicibus
1455 1680 1602 1749 apti;

364 1773 501 1826 quos
536 1759 627 1811 ubi
666 1761 915 1827 tempore
950 1762 1166 1812 maturo
1201 1759 1537 1827 patefecerat
1572 1761 1758 1813 aestus

361 1834 629 1889 infantum
666 1836 883 1902 fugiens
917 1852 1163 1889 umorem
1200 1852 1467 1903 aurasque
1503 1840 1800 1903 petessens‚
1993 1849 2068 1891 810

362 1910 719 1965 convertebat
752 1911 829 1965 ibi
866 1915 1062 1963 natura
1098 1912 1360 1963 foramina
1395 1916 1575 1964 terrae

362 1990 423 2041 et
458 2002 647 2039 sucum
683 1988 833 2041 venis
868 1986 1099 2053 cogebat
1130 1986 1364 2039 fundere
1401 1987 1604 2053 apertis

363 2061 697 2115 consimilem
734 2062 905 2126 lactiS,
944 2063 1083 2115 sicut
1118 2078 1259 2115 nune
1297 2062 1497 2115 femina
1533 2078 1782 2131 quaeque

363 2152 486 2191 cum
521 2136 751 2205 peperit,
786 2136 933 2191 dulci
968 2138 1215 2205 repletur
1249 2137 1408 2203 lacte,
1431 2137 1578 2205 quod
1614 2138 1788 2190 omnis

361 2213 599 2281 impetus
636 2214 691 2265 in
728 2229 990 2265 mammas
1025 2212 1365 2266 convertitur
1399 2212 1490 2266 ille
1527 2213 1782 2267 alimenti.
1991 2231 2066 2269 815

362 2292 513 2343 terra
547 2288 728 2342 eibum
764 2289 962 2356 pueris,
996 2293 1206 2342 vestem
1243 2305 1426 2357 vapor,
1461 2288 1630 2342 herba
1666 2288 1844 2343 cubile
1871 2282 1909 2313 ⁸
1987 2296 2011 2310 ⁶

361 2364 668 2434 praebebat
700 2364 875 2419 multa
909 2368 969 2418 et
1002 2365 1153 2418 molli
1189 2366 1441 2432 lanugine
1476 2364 1769 2419 abundans.
2127 2372 2156 2399 ²

362 2442 423 2493 at
458 2440 668 2492 novitas
703 2439 893 2493 mundi
927 2456 1025 2494 nec
1060 2441 1264 2509 frigora
1299 2441 1438 2493 dura
1472 2440 1653 2493 ciebat
1931 2373 2172 2529 dau„

362 2532 463 2570 nee
497 2515 693 2569 nimios
730 2519 913 2569 aestus
948 2532 1049 2569 nec
1085 2517 1298 2584 magnis
1332 2515 1539 2569 viribus
1575 2532 1748 2570 auras.

363 2592 546 2665 qmnia
580 2592 723 2646 enim
759 2592 967 2661 pariter
1001 2597 1254 2647 crescunt
1289 2596 1347 2646 et
1382 2592 1580 2646 robora
1615 2596 1848 2646 sumunt.
1989 2608 2060 2647 82c

435 2670 620 2735 Quare
655 2668 819 2724 ctiam
855 2673 1025 2738 atque
1058 2670 1228 2723 etiam
1263 2672 1570 2722 maternum
1605 2685 1802 2722 nomen
1837 2670 2040 2738 adepta

361 2748 515 2801 terra
547 2750 703 2801 tenet
738 2748 950 2815 merite,
984 2748 1240 2817 quoniam
1275 2763 1450 2814 genus
1482 2746 1600 2815 ipsa
1635 2746 1841 2800 creavit

362 2822 659 2876 humanum
695 2827 861 2893 atque
896 2824 1095 2879 animal
1130 2840 1302 2893 prope
1339 2826 1490 2877 certo
1525 2826 1773 2891 tempore
1809 2821 1956 2875 fudit

364 2915 523 2953 omne
558 2900 705 2968 qued
738 2900 795 2952 in
830 2902 1040 2967 magnis
1075 2900 1372 2955 baechatur
1407 2899 1668 2952 montibu'
1707 2898 1922 2967 passim,

363 2976 645 3045 aeriasque
680 2976 837 3029 simul
873 2977 1117 3030 volucres
1153 2976 1472 3029 variantibu’
1509 2975 1710 3027 formis,
1988 2990 2060 3027 825

365 3053 464 3105 sed
500 3052 626 3119 quia
660 3052 825 3105 finem
860 3053 1097 3121 aliquam
1136 3052 1381 3121 pariendi
1417 3050 1585 3103 debet
1621 3050 1837 3116 habere,

366 3126 599 3193 destitit,
634 3131 697 3180 ut
732 3128 928 3181 mulier
964 3129 1140 3196 spatio
1176 3127 1391 3181 defessa
1425 3130 1657 3180 vetusto.

366 3206 547 3255 mutat
582 3204 723 3256 enini
760 3204 946 3257 mundi
982 3208 1234 3259 naturam
1269 3203 1442 3257 totius
1474 3204 1626 3255 aetas

2092 3396 2208 3455 Α·
2247 3396 2250 3496 l
