<?xml version="1.0" encoding="UTF-8"?>
<!DOCTYPE html PUBLIC "-//W3C//DTD XHTML 1.0 Transitional//EN"
    "http://www.w3.org/TR/xhtml1/DTD/xhtml1-transitional.dtd">
<html xmlns="http://www.w3.org/1999/xhtml" xml:lang="en" lang="en">
 <head>
  <title>
</title>
<meta http-equiv="Content-Type" content="text/html;charset=utf-8" />
  <meta name='ocr-system' content='tesseract 3.04.00' />
  <meta name='ocr-capabilities' content='ocr_page ocr_carea ocr_par ocr_line ocrx_word'/>
</head>
<body>
  <div class='ocr_page' id='page_1' title='image "./tlucreticarider09munrgoog_0175.png"; bbox 0 0 2259 3550; ppageno 0'>
   <div class='ocr_carea' id='block_1_1' title="bbox 1129 114 2072 182">
    <p class='ocr_par' dir='ltr' id='par_1_1' title="bbox 1129 114 2072 182">
     <span class='ocr_line' id='line_1_1' title="bbox 1129 114 2072 182; baseline 0.003 -15"><span class='ocrx_word' id='word_1_1' title='bbox 1129 115 1188 167; x_wconf 88' lang='lat' dir='ltr'>V</span> <span class='ocrx_word' id='word_1_2' title='bbox 1905 114 2013 170; x_wconf 83' lang='lat'><strong>129</strong></span> <span class='ocrx_word' id='word_1_3' title='bbox 2067 177 2072 182; x_wconf 49' lang='grc'><strong>,</strong></span> 
     </span>
    </p>
   </div>
   <div class='ocr_carea' id='block_1_2' title="bbox 317 219 2017 822">
    <p class='ocr_par' dir='ltr' id='par_1_2' title="bbox 318 219 1631 286">
     <span class='ocr_line' id='line_1_2' title="bbox 318 219 1631 286; baseline -0.001 -13"><span class='ocrx_word' id='word_1_4' title='bbox 318 235 424 273; x_wconf 86' lang='lat' dir='ltr'><strong>non</strong></span> <span class='ocrx_word' id='word_1_5' title='bbox 461 219 601 274; x_wconf 87' lang='lat' dir='ltr'><strong>altas</strong></span> <span class='ocrx_word' id='word_1_6' title='bbox 634 219 803 274; x_wconf 85' lang='lat' dir='ltr'><strong>turris</strong></span> <span class='ocrx_word' id='word_1_7' title='bbox 838 233 999 270; x_wconf 88' lang='lat' dir='ltr'><strong>ruere</strong></span> <span class='ocrx_word' id='word_1_8' title='bbox 1036 221 1095 270; x_wconf 88' lang='lat' dir='ltr'><strong>et</strong></span> <span class='ocrx_word' id='word_1_9' title='bbox 1128 221 1448 286; x_wconf 86' lang='lat' dir='ltr'><strong>putrescere</strong></span> <span class='ocrx_word' id='word_1_10' title='bbox 1486 236 1631 284; x_wconf 83' lang='lat' dir='ltr'><strong>saxa,</strong></span> 
     </span>
    </p>

    <p class='ocr_par' dir='ltr' id='par_1_3' title="bbox 317 292 1738 363">
     <span class='ocr_line' id='line_1_3' title="bbox 317 292 1738 363; baseline -0.001 -13"><span class='ocrx_word' id='word_1_11' title='bbox 317 311 428 350; x_wconf 91' lang='lat' dir='ltr'><strong>non</strong></span> <span class='ocrx_word' id='word_1_12' title='bbox 464 293 694 348; x_wconf 88' lang='lat' dir='ltr'><strong>delubra</strong></span> <span class='ocrx_word' id='word_1_13' title='bbox 729 292 893 346; x_wconf 87' lang='lat' dir='ltr'><strong>deum</strong></span> <span class='ocrx_word' id='word_1_14' title='bbox 930 293 1331 363; x_wconf 87' lang='lat' dir='ltr'><strong>simulacraque</strong></span> <span class='ocrx_word' id='word_1_15' title='bbox 1363 295 1508 349; x_wconf 87' lang='lat' dir='ltr'><strong>fessa</strong></span> <span class='ocrx_word' id='word_1_16' title='bbox 1539 294 1738 362; x_wconf 86' lang='lat' dir='ltr'><strong>fatisci,</strong></span> 
     </span>
    </p>

    <p class='ocr_par' dir='ltr' id='par_1_4' title="bbox 318 369 1562 438">
     <span class='ocr_line' id='line_1_4' title="bbox 318 369 1562 438; baseline 0 -13"><span class='ocrx_word' id='word_1_17' title='bbox 318 387 419 425; x_wconf 91' lang='lat' dir='ltr'><strong>nec</strong></span> <span class='ocrx_word' id='word_1_18' title='bbox 456 375 701 424; x_wconf 87' lang='lat' dir='ltr'><strong>sanctum</strong></span> <span class='ocrx_word' id='word_1_19' title='bbox 737 387 936 423; x_wconf 88' lang='lat' dir='ltr'><strong>numen</strong></span> <span class='ocrx_word' id='word_1_20' title='bbox 970 369 1071 424; x_wconf 84' lang='lat' dir='ltr'><strong>fati</strong></span> <span class='ocrx_word' id='word_1_21' title='bbox 1104 369 1403 438; x_wconf 82' lang='lat' dir='ltr'>protollere</span> <span class='ocrx_word' id='word_1_22' title='bbox 1436 371 1562 425; x_wconf 89' lang='lat' dir='ltr'><strong>finis</strong></span> 
     </span>
    </p>

    <p class='ocr_par' dir='ltr' id='par_1_5' title="bbox 317 446 2017 669">
     <span class='ocr_line' id='line_1_5' title="bbox 317 446 2017 515; baseline 0.001 -15"><span class='ocrx_word' id='word_1_23' title='bbox 317 463 478 515; x_wconf 87' lang='lat' dir='ltr'><strong>posse</strong></span> <span class='ocrx_word' id='word_1_24' title='bbox 514 463 690 514; x_wconf 91' lang='lat' dir='ltr'><strong>neque</strong></span> <span class='ocrx_word' id='word_1_25' title='bbox 726 447 989 500; x_wconf 82' lang='lat' dir='ltr'><strong>adversus</strong></span> <span class='ocrx_word' id='word_1_26' title='bbox 1024 449 1256 500; x_wconf 81' lang='lat' dir='ltr'><strong>naturae</strong></span> <span class='ocrx_word' id='word_1_27' title='bbox 1291 446 1514 501; x_wconf 80' lang='lat' dir='ltr'><strong>foedera</strong></span> <span class='ocrx_word' id='word_1_28' title='bbox 1549 448 1686 502; x_wconf 71' lang='lat' dir='ltr'><strong>niti?</strong></span> <span class='ocrx_word' id='word_1_29' title='bbox 1945 463 2017 503; x_wconf 80' lang='lat'><strong>310</strong></span> 
     </span>
     <span class='ocr_line' id='line_1_6' title="bbox 320 522 1825 593; baseline 0 -17"><span class='ocrx_word' id='word_1_30' title='bbox 320 523 557 590; x_wconf 89' lang='lat' dir='ltr'><strong>denique</strong></span> <span class='ocrx_word' id='word_1_31' title='bbox 593 540 697 576; x_wconf 89' lang='lat' dir='ltr'><strong>non</strong></span> <span class='ocrx_word' id='word_1_32' title='bbox 734 524 1069 577; x_wconf 81' lang='lat' dir='ltr'><strong>monimenta</strong></span> <span class='ocrx_word' id='word_1_33' title='bbox 1102 522 1282 577; x_wconf 82' lang='lat' dir='ltr'><strong>virum</strong></span> <span class='ocrx_word' id='word_1_34' title='bbox 1319 523 1528 593; x_wconf 85' lang='lat' dir='ltr'><strong>dilapsa</strong></span> <span class='ocrx_word' id='word_1_35' title='bbox 1561 524 1825 591; x_wconf 84' lang='lat' dir='ltr'><strong>videmus,</strong></span> 
     </span>
     <span class='ocr_line' id='line_1_7' title="bbox 318 600 1836 669; baseline -0.001 -16"><span class='ocrx_word' id='word_1_36' title='bbox 318 616 554 668; x_wconf 87' lang='lat' dir='ltr'><strong>aeraque</strong></span> <span class='ocrx_word' id='word_1_37' title='bbox 589 617 853 669; x_wconf 61' lang='lat' dir='ltr'><strong>proporro</strong></span> <span class='ocrx_word' id='word_1_38' title='bbox 892 600 1236 668; x_wconf 87' lang='lat' dir='ltr'><strong>solidumque</strong></span> <span class='ocrx_word' id='word_1_39' title='bbox 1273 616 1556 654; x_wconf 82' lang='lat' dir='ltr'><strong>senescere</strong></span> <span class='ocrx_word' id='word_1_40' title='bbox 1576 602 1836 666; x_wconf 81' lang='lat' dir='ltr'><strong>serrum,</strong></span> 
     </span>
    </p>

    <p class='ocr_par' dir='ltr' id='par_1_6' title="bbox 317 675 1628 731">
     <span class='ocr_line' id='line_1_8' title="bbox 317 675 1628 731; baseline 0.002 -3"><span class='ocrx_word' id='word_1_41' title='bbox 317 691 425 728; x_wconf 86' lang='lat' dir='ltr'><strong>non</strong></span> <span class='ocrx_word' id='word_1_42' title='bbox 464 691 621 728; x_wconf 86' lang='lat' dir='ltr'><strong>ruere</strong></span> <span class='ocrx_word' id='word_1_43' title='bbox 656 676 866 729; x_wconf 82' lang='lat' dir='ltr'><strong>avolsos</strong></span> <span class='ocrx_word' id='word_1_44' title='bbox 903 675 1079 729; x_wconf 83' lang='lat' dir='ltr'><strong>silices</strong></span> <span class='ocrx_word' id='word_1_45' title='bbox 1116 692 1152 730; x_wconf 88' lang='lat' dir='ltr'><strong>a</strong></span> <span class='ocrx_word' id='word_1_46' title='bbox 1185 677 1462 730; x_wconf 88' lang='lat' dir='ltr'><strong>montibus</strong></span> <span class='ocrx_word' id='word_1_47' title='bbox 1498 676 1628 731; x_wconf 88' lang='lat' dir='ltr'><strong>altis</strong></span> 
     </span>
    </p>

    <p class='ocr_par' dir='ltr' id='par_1_7' title="bbox 318 751 1533 822">
     <span class='ocr_line' id='line_1_9' title="bbox 318 751 1533 822; baseline 0.001 -17"><span class='ocrx_word' id='word_1_48' title='bbox 318 768 417 806; x_wconf 87' lang='lat' dir='ltr'><strong>nec</strong></span> <span class='ocrx_word' id='word_1_49' title='bbox 450 751 659 806; x_wconf 84' lang='lat' dir='ltr'><strong>validas</strong></span> <span class='ocrx_word' id='word_1_50' title='bbox 694 753 813 806; x_wconf 87' lang='lat' dir='ltr'><strong>aevi</strong></span> <span class='ocrx_word' id='word_1_51' title='bbox 850 753 992 806; x_wconf 85' lang='lat' dir='ltr'><strong>vires</strong></span> <span class='ocrx_word' id='word_1_52' title='bbox 1026 753 1272 822; x_wconf 88' lang='lat' dir='ltr'><strong>perferre</strong></span> <span class='ocrx_word' id='word_1_53' title='bbox 1308 753 1533 822; x_wconf 84' lang='lat' dir='ltr'><strong>patique</strong></span> 
     </span>
    </p>
   </div>
   <div class='ocr_carea' id='block_1_3' title="bbox 316 827 2208 1052">
    <p class='ocr_par' dir='ltr' id='par_1_8' title="bbox 316 827 2208 1052">
     <span class='ocr_line' id='line_1_10' title="bbox 320 827 2146 898; baseline 0.002 -18"><span class='ocrx_word' id='word_1_54' title='bbox 320 827 493 882; x_wconf 71' lang='lat' dir='ltr'><strong>finiti‘z</strong></span> <span class='ocrx_word' id='word_1_55' title='bbox 528 845 705 896; x_wconf 89' lang='lat' dir='ltr'><strong>neque</strong></span> <span class='ocrx_word' id='word_1_56' title='bbox 740 829 884 882; x_wconf 88' lang='lat' dir='ltr'><strong>enim</strong></span> <span class='ocrx_word' id='word_1_57' title='bbox 920 829 1185 884; x_wconf 74' lang='lat' dir='ltr'><strong>caderent</strong></span> <span class='ocrx_word' id='word_1_58' title='bbox 1221 829 1403 883; x_wconf 82' lang='lat' dir='ltr'><strong>avolsa</strong></span> <span class='ocrx_word' id='word_1_59' title='bbox 1439 831 1682 898; x_wconf 79' lang='lat' dir='ltr'><strong>repente,</strong></span> <span class='ocrx_word' id='word_1_60' title='bbox 1942 845 2014 884; x_wconf 80' lang='lat'><strong>315</strong></span> <span class='ocrx_word' id='word_1_61' title='bbox 2129 855 2146 876; x_wconf 74' lang='grc' dir='ltr'><strong><em>ο</em></strong></span> 
     </span>
     <span class='ocr_line' id='line_1_11' title="bbox 316 887 2208 1036; baseline 0.002 -78"><span class='ocrx_word' id='word_1_62' title='bbox 316 921 385 958; x_wconf 82' lang='lat' dir='ltr'><strong>ex</strong></span> <span class='ocrx_word' id='word_1_63' title='bbox 419 905 631 993; x_wconf 75' lang='lat' dir='ltr'><strong>infinito</strong></span> <span class='ocrx_word' id='word_1_64' title='bbox 668 921 807 974; x_wconf 87' lang='lat' dir='ltr'><strong>quae</strong></span> <span class='ocrx_word' id='word_1_65' title='bbox 842 909 1093 995; x_wconf 72' lang='lat' dir='ltr'><strong>tempore</strong></span> <span class='ocrx_word' id='word_1_66' title='bbox 1129 905 1558 994; x_wconf 60' lang='lat' dir='ltr'><strong>pertolerassent</strong></span> <span class='ocrx_word' id='word_1_67' title='bbox 1922 923 2112 1036; x_wconf 54' lang='lat' dir='ltr'><em>W</em></span> <span class='ocrx_word' id='word_1_68' title='bbox 2127 887 2208 946; x_wconf 59' lang='lat' dir='ltr'><em>W</em></span> 
     </span>
     <span class='ocr_line' id='line_1_12' title="bbox 318 982 1554 1052; baseline 0.003 -20"><span class='ocrx_word' id='word_1_69' title='bbox 318 995 497 1034; x_wconf 86' lang='lat' dir='ltr'><strong>omma</strong></span> <span class='ocrx_word' id='word_1_70' title='bbox 532 984 807 1036; x_wconf 86' lang='lat' dir='ltr'><strong>tormenta</strong></span> <span class='ocrx_word' id='word_1_71' title='bbox 840 985 1038 1036; x_wconf 77' lang='lat' dir='ltr'><strong>aetatis</strong></span> <span class='ocrx_word' id='word_1_72' title='bbox 1072 986 1290 1052; x_wconf 80' lang='lat' dir='ltr'><strong>privata</strong></span> <span class='ocrx_word' id='word_1_73' title='bbox 1322 982 1554 1050; x_wconf 82' lang='lat' dir='ltr'><strong>fragore.</strong></span> 
     </span>
    </p>
   </div>
   <div class='ocr_carea' id='block_1_4' title="bbox 316 966 2249 1203">
    <p class='ocr_par' dir='ltr' id='par_1_9' title="bbox 316 966 2249 1203">
     <span class='ocr_line' id='line_1_13' title="bbox 388 966 2249 1174; baseline 0 -64"><span class='ocrx_word' id='word_1_74' title='bbox 388 1057 637 1126; x_wconf 90' lang='lat' dir='ltr'><strong>Denique</strong></span> <span class='ocrx_word' id='word_1_75' title='bbox 654 1059 761 1111; x_wconf 86' lang='lat' dir='ltr'><strong>iam</strong></span> <span class='ocrx_word' id='word_1_76' title='bbox 782 1062 939 1112; x_wconf 84' lang='lat' dir='ltr'><strong>tuere</strong></span> <span class='ocrx_word' id='word_1_77' title='bbox 957 1058 1073 1123; x_wconf 89' lang='lat' dir='ltr'><strong>hoc,</strong></span> <span class='ocrx_word' id='word_1_78' title='bbox 1094 1058 1298 1112; x_wconf 88' lang='lat' dir='ltr'><strong>circum</strong></span> <span class='ocrx_word' id='word_1_79' title='bbox 1318 1073 1592 1128; x_wconf 84' lang='lat' dir='ltr'><strong>supraque</strong></span> <span class='ocrx_word' id='word_1_80' title='bbox 1609 1057 1760 1127; x_wconf 89' lang='lat' dir='ltr'><strong>quod</strong></span> <span class='ocrx_word' id='word_1_81' title='bbox 1777 966 2182 1174; x_wconf 44' lang='lat' dir='ltr'><strong>omneffl</strong></span> <span class='ocrx_word' id='word_1_82' title='bbox 2248 1119 2249 1126; x_wconf 8' lang='grc' dir='ltr'>ἵ</span> 
     </span>
     <span class='ocr_line' id='line_1_14' title="bbox 316 1133 2249 1203; baseline -0.001 -16"><span class='ocrx_word' id='word_1_83' title='bbox 316 1133 559 1187; x_wconf 87' lang='lat' dir='ltr'><strong>continet</strong></span> <span class='ocrx_word' id='word_1_84' title='bbox 595 1134 847 1202; x_wconf 81' lang='lat' dir='ltr'><strong>amplexu</strong></span> <span class='ocrx_word' id='word_1_85' title='bbox 884 1138 1118 1188; x_wconf 85' lang='lat' dir='ltr'><strong>terram:</strong></span> <span class='ocrx_word' id='word_1_86' title='bbox 1158 1135 1204 1187; x_wconf 90' lang='lat' dir='ltr'><strong>si</strong></span> <span class='ocrx_word' id='word_1_87' title='bbox 1240 1137 1493 1203; x_wconf 82' lang='lat' dir='ltr'><strong>procreat</strong></span> <span class='ocrx_word' id='word_1_88' title='bbox 1519 1151 1598 1188; x_wconf 78' lang='lat' dir='ltr'><strong>ex</strong></span> <span class='ocrx_word' id='word_1_89' title='bbox 1635 1149 1696 1188; x_wconf 89' lang='lat' dir='ltr'><strong>se</strong></span> <span class='ocrx_word' id='word_1_90' title='bbox 2248 1147 2249 1186; x_wconf 79' lang='lat'>3</span> 
     </span>
    </p>
   </div>
   <div class='ocr_carea' id='block_1_5' title="bbox 273 1209 2018 3261">
    <p class='ocr_par' dir='ltr' id='par_1_10' title="bbox 315 1209 2016 1508">
     <span class='ocr_line' id='line_1_15' title="bbox 316 1209 2016 1280; baseline -0.001 -18"><span class='ocrx_word' id='word_1_91' title='bbox 316 1209 511 1278; x_wconf 88' lang='lat' dir='ltr'><strong>omnia,</strong></span> <span class='ocrx_word' id='word_1_92' title='bbox 531 1210 680 1278; x_wconf 89' lang='lat' dir='ltr'><strong>quod</strong></span> <span class='ocrx_word' id='word_1_93' title='bbox 699 1211 922 1278; x_wconf 79' lang='lat' dir='ltr'><strong>quidam</strong></span> <span class='ocrx_word' id='word_1_94' title='bbox 944 1213 1260 1280; x_wconf 86' lang='lat' dir='ltr'><strong>memorant,</strong></span> <span class='ocrx_word' id='word_1_95' title='bbox 1283 1212 1591 1279; x_wconf 87' lang='lat' dir='ltr'><strong>recipitque</strong></span> <span class='ocrx_word' id='word_1_96' title='bbox 1607 1213 1908 1277; x_wconf 85' lang='lat' dir='ltr'><strong>perempta,</strong></span> <span class='ocrx_word' id='word_1_97' title='bbox 1943 1222 2016 1262; x_wconf 74' lang='lat'><strong>320</strong></span> 
     </span>
     <span class='ocr_line' id='line_1_16' title="bbox 316 1287 1559 1355; baseline 0.001 -17"><span class='ocrx_word' id='word_1_98' title='bbox 316 1288 493 1339; x_wconf 87' lang='lat' dir='ltr'><strong>totum</strong></span> <span class='ocrx_word' id='word_1_99' title='bbox 530 1287 777 1340; x_wconf 85' lang='lat' dir='ltr'><strong>nativum</strong></span> <span class='ocrx_word' id='word_1_100' title='bbox 814 1287 1031 1340; x_wconf 82' lang='lat' dir='ltr'><strong>mortali</strong></span> <span class='ocrx_word' id='word_1_101' title='bbox 1067 1303 1294 1355; x_wconf 88' lang='lat' dir='ltr'><strong>corpore</strong></span> <span class='ocrx_word' id='word_1_102' title='bbox 1331 1290 1559 1341; x_wconf 88' lang='lat' dir='ltr'><strong>constat.</strong></span> 
     </span>
     <span class='ocr_line' id='line_1_17' title="bbox 315 1362 1818 1431; baseline 0.001 -17"><span class='ocrx_word' id='word_1_103' title='bbox 315 1377 442 1415; x_wconf 89' lang='lat' dir='ltr'><strong>nam</strong></span> <span class='ocrx_word' id='word_1_104' title='bbox 478 1362 859 1431; x_wconf 86' lang='lat' dir='ltr'><strong>quodcumque</strong></span> <span class='ocrx_word' id='word_1_105' title='bbox 895 1362 1029 1416; x_wconf 81' lang='lat' dir='ltr'><strong>alias</strong></span> <span class='ocrx_word' id='word_1_106' title='bbox 1064 1380 1131 1416; x_wconf 84' lang='lat' dir='ltr'><strong>ex</strong></span> <span class='ocrx_word' id='word_1_107' title='bbox 1172 1379 1230 1416; x_wconf 89' lang='lat' dir='ltr'><strong>se</strong></span> <span class='ocrx_word' id='word_1_108' title='bbox 1268 1379 1356 1416; x_wconf 87' lang='lat' dir='ltr'><strong>res</strong></span> <span class='ocrx_word' id='word_1_109' title='bbox 1393 1364 1558 1430; x_wconf 85' lang='lat' dir='ltr'><strong>auget</strong></span> <span class='ocrx_word' id='word_1_110' title='bbox 1593 1362 1818 1431; x_wconf 85' lang='lat' dir='ltr'><strong>alitque,</strong></span> 
     </span>
     <span class='ocr_line' id='line_1_18' title="bbox 316 1438 1606 1508; baseline 0 -16"><span class='ocrx_word' id='word_1_111' title='bbox 316 1438 556 1492; x_wconf 87' lang='lat' dir='ltr'><strong>deminui</strong></span> <span class='ocrx_word' id='word_1_112' title='bbox 595 1438 779 1506; x_wconf 89' lang='lat' dir='ltr'><strong>debet,</strong></span> <span class='ocrx_word' id='word_1_113' title='bbox 814 1439 1068 1505; x_wconf 87' lang='lat' dir='ltr'><strong>recreari,</strong></span> <span class='ocrx_word' id='word_1_114' title='bbox 1107 1455 1232 1493; x_wconf 89' lang='lat' dir='ltr'><strong>cum</strong></span> <span class='ocrx_word' id='word_1_115' title='bbox 1267 1439 1466 1508; x_wconf 87' lang='lat' dir='ltr'><strong>recipit</strong></span> <span class='ocrx_word' id='word_1_116' title='bbox 1499 1455 1606 1493; x_wconf 89' lang='lat' dir='ltr'><strong>res.</strong></span> 
     </span>
    </p>

    <p class='ocr_par' dir='ltr' id='par_1_11' title="bbox 273 1515 2018 3261">
     <span class='ocr_line' id='line_1_19' title="bbox 388 1515 1573 1583; baseline -0.001 -15"><span class='ocrx_word' id='word_1_117' title='bbox 388 1515 685 1568; x_wconf 86' lang='lat' dir='ltr'><strong>Praeterea</strong></span> <span class='ocrx_word' id='word_1_118' title='bbox 722 1515 767 1568; x_wconf 89' lang='lat' dir='ltr'><strong>si</strong></span> <span class='ocrx_word' id='word_1_119' title='bbox 803 1515 952 1568; x_wconf 87' lang='lat' dir='ltr'><strong>nulla</strong></span> <span class='ocrx_word' id='word_1_120' title='bbox 988 1516 1093 1570; x_wconf 84' lang='lat' dir='ltr'><strong>fuit</strong></span> <span class='ocrx_word' id='word_1_121' title='bbox 1126 1515 1384 1583; x_wconf 87' lang='lat' dir='ltr'><strong>genitalis</strong></span> <span class='ocrx_word' id='word_1_122' title='bbox 1421 1515 1573 1582; x_wconf 86' lang='lat' dir='ltr'><strong>origo</strong></span> 
     </span>
     <span class='ocr_line' id='line_1_20' title="bbox 273 1591 2018 1660; baseline -0.001 -15"><span class='ocrx_word' id='word_1_123' title='bbox 273 1595 277 1600; x_wconf 89' lang='grc'><strong><em>’</em></strong></span> <span class='ocrx_word' id='word_1_124' title='bbox 314 1593 589 1646; x_wconf 87' lang='lat' dir='ltr'><strong>terrarum</strong></span> <span class='ocrx_word' id='word_1_125' title='bbox 626 1596 686 1644; x_wconf 87' lang='lat' dir='ltr'><strong>et</strong></span> <span class='ocrx_word' id='word_1_126' title='bbox 720 1591 857 1644; x_wconf 88' lang='lat' dir='ltr'><strong>caeli</strong></span> <span class='ocrx_word' id='word_1_127' title='bbox 897 1608 1222 1660; x_wconf 85' lang='lat' dir='ltr'><strong>semperque</strong></span> <span class='ocrx_word' id='word_1_128' title='bbox 1259 1594 1482 1646; x_wconf 87' lang='lat' dir='ltr'><strong>aeterna</strong></span> <span class='ocrx_word' id='word_1_129' title='bbox 1516 1592 1685 1659; x_wconf 84' lang='lat' dir='ltr'><strong>fuere,</strong></span> <span class='ocrx_word' id='word_1_130' title='bbox 1946 1606 2018 1644; x_wconf 66' lang='lat'><strong>3:²5·</strong></span> 
     </span>
     <span class='ocr_line' id='line_1_21' title="bbox 315 1666 1788 1736; baseline 0.001 -16"><span class='ocrx_word' id='word_1_131' title='bbox 315 1684 413 1720; x_wconf 90' lang='lat' dir='ltr'><strong>cur</strong></span> <span class='ocrx_word' id='word_1_132' title='bbox 448 1684 645 1736; x_wconf 87' lang='lat' dir='ltr'><strong>supera</strong></span> <span class='ocrx_word' id='word_1_133' title='bbox 679 1666 882 1721; x_wconf 90' lang='lat' dir='ltr'><strong>bellum</strong></span> <span class='ocrx_word' id='word_1_134' title='bbox 920 1667 1235 1722; x_wconf 83' lang='lat' dir='ltr'><strong>Thebanum</strong></span> <span class='ocrx_word' id='word_1_135' title='bbox 1273 1671 1332 1722; x_wconf 90' lang='lat' dir='ltr'><strong>et</strong></span> <span class='ocrx_word' id='word_1_136' title='bbox 1365 1667 1558 1722; x_wconf 89' lang='lat' dir='ltr'><strong>funera</strong></span> <span class='ocrx_word' id='word_1_137' title='bbox 1595 1667 1788 1722; x_wconf 82' lang='lat' dir='ltr'><strong>Troiae</strong></span> 
     </span>
     <span class='ocr_line' id='line_1_22' title="bbox 314 1743 1645 1814; baseline 0.001 -17"><span class='ocrx_word' id='word_1_138' title='bbox 314 1760 420 1797; x_wconf 88' lang='lat' dir='ltr'><strong>non</strong></span> <span class='ocrx_word' id='word_1_139' title='bbox 458 1745 592 1799; x_wconf 84' lang='lat' dir='ltr'><strong>alias</strong></span> <span class='ocrx_word' id='word_1_140' title='bbox 626 1743 717 1799; x_wconf 89' lang='lat' dir='ltr'><strong>alii</strong></span> <span class='ocrx_word' id='word_1_141' title='bbox 754 1760 973 1813; x_wconf 90' lang='lat' dir='ltr'><strong>quoque</strong></span> <span class='ocrx_word' id='word_1_142' title='bbox 1012 1762 1101 1799; x_wconf 84' lang='lat' dir='ltr'><strong>res</strong></span> <span class='ocrx_word' id='word_1_143' title='bbox 1138 1745 1384 1800; x_wconf 85' lang='lat' dir='ltr'><strong>cecinere</strong></span> <span class='ocrx_word' id='word_1_144' title='bbox 1419 1744 1645 1814; x_wconf 72' lang='lat' dir='ltr'><strong>poetae?</strong></span> 
     </span>
     <span class='ocr_line' id='line_1_23' title="bbox 315 1821 1944 1889; baseline 0 -16"><span class='ocrx_word' id='word_1_145' title='bbox 315 1837 421 1888; x_wconf 91' lang='lat' dir='ltr'><strong>quo</strong></span> <span class='ocrx_word' id='word_1_146' title='bbox 457 1824 545 1875; x_wconf 84' lang='lat' dir='ltr'><strong>tot</strong></span> <span class='ocrx_word' id='word_1_147' title='bbox 579 1822 721 1875; x_wconf 80' lang='lat' dir='ltr'><strong>facta</strong></span> <span class='ocrx_word' id='word_1_148' title='bbox 757 1822 931 1875; x_wconf 81' lang='lat' dir='ltr'><strong>virum</strong></span> <span class='ocrx_word' id='word_1_149' title='bbox 970 1822 1178 1876; x_wconf 88' lang='lat' dir='ltr'><strong>tot-iens</strong></span> <span class='ocrx_word' id='word_1_150' title='bbox 1213 1821 1463 1876; x_wconf 86' lang='lat' dir='ltr'><strong>cecidere</strong></span> <span class='ocrx_word' id='word_1_151' title='bbox 1500 1838 1680 1889; x_wconf 91' lang='lat' dir='ltr'><strong>neque</strong></span> <span class='ocrx_word' id='word_1_152' title='bbox 1714 1836 1944 1888; x_wconf 79' lang='lat' dir='ltr'><strong>usquam</strong></span> 
     </span>
     <span class='ocr_line' id='line_1_24' title="bbox 314 1897 1620 1952; baseline 0.002 -3"><span class='ocrx_word' id='word_1_153' title='bbox 314 1897 553 1951; x_wconf 80' lang='lat' dir='ltr'><strong>aeternis</strong></span> <span class='ocrx_word' id='word_1_154' title='bbox 580 1898 765 1951; x_wconf 10' lang='lat' dir='ltr'><strong>‘famae</strong></span> <span class='ocrx_word' id='word_1_155' title='bbox 804 1898 1152 1952; x_wconf 83' lang='lat' dir='ltr'><strong>monimentis</strong></span> <span class='ocrx_word' id='word_1_156' title='bbox 1189 1899 1353 1952; x_wconf 86' lang='lat' dir='ltr'><strong>insita</strong></span> <span class='ocrx_word' id='word_1_157' title='bbox 1387 1898 1620 1952; x_wconf 71' lang='lat' dir='ltr'><strong>florent?</strong></span> 
     </span>
     <span class='ocr_line' id='line_1_25' title="bbox 313 1975 2016 2042; baseline 0 -17"><span class='ocrx_word' id='word_1_158' title='bbox 313 1989 517 2040; x_wconf 85' lang='lat' dir='ltr'><strong>verum,</strong></span> <span class='ocrx_word' id='word_1_159' title='bbox 543 1977 607 2027; x_wconf 88' lang='lat' dir='ltr'><strong>ut</strong></span> <span class='ocrx_word' id='word_1_160' title='bbox 631 1976 836 2042; x_wconf 73' lang='lat' dir='ltr'><strong>opinor,</strong></span> <span class='ocrx_word' id='word_1_161' title='bbox 854 1975 1022 2029; x_wconf 84' lang='lat' dir='ltr'><strong>habet</strong></span> <span class='ocrx_word' id='word_1_162' title='bbox 1046 1976 1346 2028; x_wconf 86' lang='lat' dir='ltr'><strong>novitatem</strong></span> <span class='ocrx_word' id='word_1_163' title='bbox 1375 1992 1586 2027; x_wconf 87' lang='lat' dir='ltr'><strong>summa</strong></span> <span class='ocrx_word' id='word_1_164' title='bbox 1607 1988 1909 2041; x_wconf 81' lang='lat' dir='ltr'><strong>recensque</strong></span> <span class='ocrx_word' id='word_1_165' title='bbox 1943 1987 2016 2025; x_wconf 86' lang='lat'><strong>330</strong></span> 
     </span>
     <span class='ocr_line' id='line_1_26' title="bbox 314 2048 1714 2119; baseline 0.001 -18"><span class='ocrx_word' id='word_1_166' title='bbox 314 2053 564 2114; x_wconf 80' lang='lat' dir='ltr'><strong>naturast</strong></span> <span class='ocrx_word' id='word_1_167' title='bbox 599 2048 789 2102; x_wconf 87' lang='lat' dir='ltr'><strong>mundi</strong></span> <span class='ocrx_word' id='word_1_168' title='bbox 825 2067 1005 2118; x_wconf 89' lang='lat' dir='ltr'><strong>neque</strong></span> <span class='ocrx_word' id='word_1_169' title='bbox 1040 2050 1256 2118; x_wconf 83' lang='lat' dir='ltr'><strong>pridem</strong></span> <span class='ocrx_word' id='word_1_170' title='bbox 1295 2049 1520 2103; x_wconf 77' lang='lat' dir='ltr'><strong>exordia</strong></span> <span class='ocrx_word' id='word_1_171' title='bbox 1555 2051 1714 2119; x_wconf 86' lang='lat' dir='ltr'><strong>cepit.</strong></span> 
     </span>
     <span class='ocr_line' id='line_1_27' title="bbox 315 2125 1759 2195; baseline 0.001 -19"><span class='ocrx_word' id='word_1_172' title='bbox 315 2140 485 2192; x_wconf 87' lang='lat' dir='ltr'><strong>quare</strong></span> <span class='ocrx_word' id='word_1_173' title='bbox 521 2125 686 2178; x_wconf 87' lang='lat' dir='ltr'><strong>etiam</strong></span> <span class='ocrx_word' id='word_1_174' title='bbox 723 2125 991 2193; x_wconf 83' lang='lat' dir='ltr'><strong>quaedam</strong></span> <span class='ocrx_word' id='word_1_175' title='bbox 1027 2144 1172 2179; x_wconf 89' lang='lat' dir='ltr'><strong>nunc</strong></span> <span class='ocrx_word' id='word_1_176' title='bbox 1207 2130 1357 2179; x_wconf 86' lang='lat' dir='ltr'><strong>artes</strong></span> <span class='ocrx_word' id='word_1_177' title='bbox 1393 2127 1759 2195; x_wconf 81' lang='lat' dir='ltr'><strong>expoliuntur,</strong></span> 
     </span>
     <span class='ocr_line' id='line_1_28' title="bbox 314 2201 1858 2269; baseline 0.003 -18"><span class='ocrx_word' id='word_1_178' title='bbox 314 2216 455 2252; x_wconf 89' lang='lat' dir='ltr'><strong>nunc</strong></span> <span class='ocrx_word' id='word_1_179' title='bbox 490 2201 658 2254; x_wconf 86' lang='lat' dir='ltr'><strong>etiam</strong></span> <span class='ocrx_word' id='word_1_180' title='bbox 694 2206 1023 2269; x_wconf 84' lang='lat' dir='ltr'><strong>augescunt3</strong></span> <span class='ocrx_word' id='word_1_181' title='bbox 1061 2219 1203 2255; x_wconf 89' lang='lat' dir='ltr'><strong>nunc</strong></span> <span class='ocrx_word' id='word_1_182' title='bbox 1240 2201 1432 2256; x_wconf 86' lang='lat' dir='ltr'><strong>addita</strong></span> <span class='ocrx_word' id='word_1_183' title='bbox 1467 2202 1692 2268; x_wconf 79' lang='lat' dir='ltr'><strong>navigiis</strong></span> <span class='ocrx_word' id='word_1_184' title='bbox 1729 2204 1858 2255; x_wconf 88' lang='lat' dir='ltr'><strong>sunt</strong></span> 
     </span>
     <span class='ocr_line' id='line_1_29' title="bbox 316 2274 1804 2347; baseline 0.002 -20"><span class='ocrx_word' id='word_1_185' title='bbox 316 2276 425 2328; x_wconf 87' lang='lat' dir='ltr'><strong>mul</strong></span> <span class='ocrx_word' id='word_1_186' title='bbox 434 2282 505 2342; x_wconf 62' lang='lat' dir='ltr'><strong>ta,</strong></span> <span class='ocrx_word' id='word_1_187' title='bbox 540 2278 704 2330; x_wconf 89' lang='lat' dir='ltr'><strong>modo</strong></span> <span class='ocrx_word' id='word_1_188' title='bbox 741 2278 979 2345; x_wconf 86' lang='lat' dir='ltr'><strong>organici</strong></span> <span class='ocrx_word' id='word_1_189' title='bbox 1013 2278 1233 2332; x_wconf 87' lang='lat' dir='ltr'><strong>melicos</strong></span> <span class='ocrx_word' id='word_1_190' title='bbox 1268 2274 1534 2347; x_wconf 86' lang='lat' dir='ltr'><strong>peperere</strong></span> <span class='ocrx_word' id='word_1_191' title='bbox 1571 2292 1804 2330; x_wconf 71' lang='lat' dir='ltr'><strong>sonores</strong></span> 
     </span>
     <span class='ocr_line' id='line_1_30' title="bbox 316 2350 2016 2423; baseline 0.002 -20"><span class='ocrx_word' id='word_1_192' title='bbox 316 2350 553 2419; x_wconf 83' lang='lat' dir='ltr'><strong>denique</strong></span> <span class='ocrx_word' id='word_1_193' title='bbox 588 2356 784 2407; x_wconf 89' lang='lat' dir='ltr'><strong>natura</strong></span> <span class='ocrx_word' id='word_1_194' title='bbox 818 2354 954 2408; x_wconf 79' lang='lat' dir='ltr'><strong>haec</strong></span> <span class='ocrx_word' id='word_1_195' title='bbox 988 2371 1172 2408; x_wconf 87' lang='lat' dir='ltr'><strong>rerum</strong></span> <span class='ocrx_word' id='word_1_196' title='bbox 1210 2355 1461 2422; x_wconf 89' lang='lat' dir='ltr'><strong>ratioque</strong></span> <span class='ocrx_word' id='word_1_197' title='bbox 1496 2356 1774 2423; x_wconf 82' lang='lat' dir='ltr'><strong>repertast</strong></span> <span class='ocrx_word' id='word_1_198' title='bbox 1944 2366 2016 2406; x_wconf 77' lang='lat'><strong>335</strong></span> 
     </span>
     <span class='ocr_line' id='line_1_31' title="bbox 315 2428 1841 2500; baseline 0.003 -23"><span class='ocrx_word' id='word_1_199' title='bbox 315 2443 503 2495; x_wconf 84' lang='lat' dir='ltr'><strong>nuper,</strong></span> <span class='ocrx_word' id='word_1_200' title='bbox 540 2431 599 2482; x_wconf 91' lang='lat' dir='ltr'><strong>et</strong></span> <span class='ocrx_word' id='word_1_201' title='bbox 633 2428 771 2483; x_wconf 88' lang='lat' dir='ltr'><strong>hanc</strong></span> <span class='ocrx_word' id='word_1_202' title='bbox 808 2430 1017 2497; x_wconf 88' lang='lat' dir='ltr'><strong>primus</strong></span> <span class='ocrx_word' id='word_1_203' title='bbox 1053 2447 1174 2485; x_wconf 89' lang='lat' dir='ltr'><strong>cum</strong></span> <span class='ocrx_word' id='word_1_204' title='bbox 1212 2431 1400 2500; x_wconf 89' lang='lat' dir='ltr'><strong>primis</strong></span> <span class='ocrx_word' id='word_1_205' title='bbox 1435 2431 1553 2499; x_wconf 89' lang='lat' dir='ltr'><strong>ipse</strong></span> <span class='ocrx_word' id='word_1_206' title='bbox 1589 2432 1841 2497; x_wconf 84' lang='lat' dir='ltr'><strong>repertus</strong></span> 
     </span>
     <span class='ocr_line' id='line_1_32' title="bbox 313 2506 1924 2576; baseline 0.001 -21"><span class='ocrx_word' id='word_1_207' title='bbox 313 2519 456 2557; x_wconf 87' lang='lat' dir='ltr'><strong>nunc</strong></span> <span class='ocrx_word' id='word_1_208' title='bbox 491 2520 594 2572; x_wconf 87' lang='lat' dir='ltr'><strong>ego</strong></span> <span class='ocrx_word' id='word_1_209' title='bbox 630 2522 749 2558; x_wconf 90' lang='lat' dir='ltr'><strong>sum</strong></span> <span class='ocrx_word' id='word_1_210' title='bbox 787 2507 842 2558; x_wconf 88' lang='lat' dir='ltr'><strong>in</strong></span> <span class='ocrx_word' id='word_1_211' title='bbox 878 2506 1085 2573; x_wconf 79' lang='lat' dir='ltr'><strong>patrias</strong></span> <span class='ocrx_word' id='word_1_212' title='bbox 1121 2509 1217 2574; x_wconf 90' lang='lat' dir='ltr'><strong>qui</strong></span> <span class='ocrx_word' id='word_1_213' title='bbox 1253 2507 1457 2576; x_wconf 86' lang='lat' dir='ltr'><strong>possim</strong></span> <span class='ocrx_word' id='word_1_214' title='bbox 1494 2511 1712 2560; x_wconf 85' lang='lat' dir='ltr'><strong>vertere</strong></span> <span class='ocrx_word' id='word_1_215' title='bbox 1751 2520 1924 2557; x_wconf 84' lang='lat' dir='ltr'><strong>voces.</strong></span> 
     </span>
     <span class='ocr_line' id='line_1_33' title="bbox 314 2578 1870 2647; baseline 0 -15"><span class='ocrx_word' id='word_1_216' title='bbox 314 2578 462 2647; x_wconf 89' lang='lat' dir='ltr'><strong>quod</strong></span> <span class='ocrx_word' id='word_1_217' title='bbox 498 2580 545 2634; x_wconf 88' lang='lat' dir='ltr'><strong>si</strong></span> <span class='ocrx_word' id='word_1_218' title='bbox 578 2581 721 2635; x_wconf 88' lang='lat' dir='ltr'><strong>forte</strong></span> <span class='ocrx_word' id='word_1_219' title='bbox 755 2581 925 2635; x_wconf 87' lang='lat' dir='ltr'><strong>fuisse</strong></span> <span class='ocrx_word' id='word_1_220' title='bbox 961 2582 1192 2636; x_wconf 80' lang='lat' dir='ltr'><strong>antehac</strong></span> <span class='ocrx_word' id='word_1_221' title='bbox 1228 2583 1424 2637; x_wconf 85' lang='lat' dir='ltr'><strong>eadem</strong></span> <span class='ocrx_word' id='word_1_222' title='bbox 1459 2583 1652 2645; x_wconf 16' lang='lat' dir='ltr'><strong>omnia*</strong></span> <span class='ocrx_word' id='word_1_223' title='bbox 1674 2580 1870 2647; x_wconf 75' lang='lat' dir='ltr'><strong>crediS,</strong></span> 
     </span>
     <span class='ocr_line' id='line_1_34' title="bbox 314 2656 1735 2727; baseline 0.001 -19"><span class='ocrx_word' id='word_1_224' title='bbox 314 2656 413 2709; x_wconf 90' lang='lat' dir='ltr'><strong>sed</strong></span> <span class='ocrx_word' id='word_1_225' title='bbox 448 2656 677 2725; x_wconf 86' lang='lat' dir='ltr'><strong>periisse</strong></span> <span class='ocrx_word' id='word_1_226' title='bbox 715 2658 993 2713; x_wconf 88' lang='lat' dir='ltr'><strong>hominum</strong></span> <span class='ocrx_word' id='word_1_227' title='bbox 1030 2660 1268 2714; x_wconf 89' lang='lat' dir='ltr'><strong>torrenti</strong></span> <span class='ocrx_word' id='word_1_228' title='bbox 1304 2660 1483 2714; x_wconf 87' lang='lat' dir='ltr'><strong>saecla</strong></span> <span class='ocrx_word' id='word_1_229' title='bbox 1516 2674 1735 2727; x_wconf 87' lang='lat' dir='ltr'><strong>vapore,</strong></span> 
     </span>
     <span class='ocr_line' id='line_1_35' title="bbox 313 2734 2018 2805; baseline -0.001 -20"><span class='ocrx_word' id='word_1_230' title='bbox 313 2736 409 2786; x_wconf 89' lang='lat' dir='ltr'><strong>aut</strong></span> <span class='ocrx_word' id='word_1_231' title='bbox 444 2734 706 2789; x_wconf 89' lang='lat' dir='ltr'><strong>cecidisse</strong></span> <span class='ocrx_word' id='word_1_232' title='bbox 742 2736 895 2789; x_wconf 89' lang='lat' dir='ltr'><strong>urbis</strong></span> <span class='ocrx_word' id='word_1_233' title='bbox 930 2753 1127 2805; x_wconf 85' lang='lat' dir='ltr'><strong>magno</strong></span> <span class='ocrx_word' id='word_1_234' title='bbox 1163 2736 1450 2791; x_wconf 86' lang='lat' dir='ltr'><strong>vexamine</strong></span> <span class='ocrx_word' id='word_1_235' title='bbox 1485 2735 1689 2799; x_wconf 87' lang='lat' dir='ltr'><strong>mundi,</strong></span> <span class='ocrx_word' id='word_1_236' title='bbox 1945 2743 2018 2784; x_wconf 65' lang='lat'><strong>340</strong></span> 
     </span>
     <span class='ocr_line' id='line_1_36' title="bbox 313 2811 1576 2882; baseline 0.006 -21"><span class='ocrx_word' id='word_1_237' title='bbox 313 2812 410 2863; x_wconf 90' lang='lat' dir='ltr'><strong>aut</strong></span> <span class='ocrx_word' id='word_1_238' title='bbox 446 2827 515 2863; x_wconf 82' lang='lat' dir='ltr'><strong>ex</strong></span> <span class='ocrx_word' id='word_1_239' title='bbox 551 2811 817 2865; x_wconf 79' lang='lat' dir='ltr'><strong>imbribus</strong></span> <span class='ocrx_word' id='word_1_240' title='bbox 853 2813 1099 2867; x_wconf 81' lang='lat' dir='ltr'><strong>adsiduis</strong></span> <span class='ocrx_word' id='word_1_241' title='bbox 1135 2812 1314 2867; x_wconf 87' lang='lat' dir='ltr'><strong>exisse</strong></span> <span class='ocrx_word' id='word_1_242' title='bbox 1351 2830 1576 2882; x_wconf 86' lang='lat' dir='ltr'><strong>rapaces</strong></span> 
     </span>
     <span class='ocr_line' id='line_1_37' title="bbox 312 2890 1680 2958; baseline 0.003 -20"><span class='ocrx_word' id='word_1_243' title='bbox 312 2901 413 2953; x_wconf 91' lang='lat' dir='ltr'><strong>per</strong></span> <span class='ocrx_word' id='word_1_244' title='bbox 447 2890 624 2940; x_wconf 84' lang='lat' dir='ltr'><strong>terras</strong></span> <span class='ocrx_word' id='word_1_245' title='bbox 659 2905 845 2941; x_wconf 83' lang='lat' dir='ltr'><strong>amnes</strong></span> <span class='ocrx_word' id='word_1_246' title='bbox 881 2893 1049 2957; x_wconf 85' lang='lat' dir='ltr'><strong>atque</strong></span> <span class='ocrx_word' id='word_1_247' title='bbox 1085 2890 1288 2958; x_wconf 86' lang='lat' dir='ltr'><strong>oppida</strong></span> <span class='ocrx_word' id='word_1_248' title='bbox 1323 2890 1680 2957; x_wconf 78' lang='lat' dir='ltr'><strong>cooperuisse,</strong></span> 
     </span>
     <span class='ocr_line' id='line_1_38' title="bbox 314 2964 1685 3033; baseline 0.003 -19"><span class='ocrx_word' id='word_1_249' title='bbox 314 2965 467 3015; x_wconf 87' lang='lat' dir='ltr'><strong>tanto</strong></span> <span class='ocrx_word' id='word_1_250' title='bbox 505 2964 708 3033; x_wconf 88' lang='lat' dir='ltr'><strong>quique</strong></span> <span class='ocrx_word' id='word_1_251' title='bbox 744 2965 916 3032; x_wconf 84' lang='lat' dir='ltr'><strong>magis</strong></span> <span class='ocrx_word' id='word_1_252' title='bbox 950 2965 1127 3018; x_wconf 85' lang='lat' dir='ltr'><strong>victus</strong></span> <span class='ocrx_word' id='word_1_253' title='bbox 1162 2966 1372 3019; x_wconf 83' lang='lat' dir='ltr'><strong>fateare</strong></span> <span class='ocrx_word' id='word_1_254' title='bbox 1407 2968 1685 3019; x_wconf 85' lang='lat' dir='ltr'><strong>necessest</strong></span> 
     </span>
     <span class='ocr_line' id='line_1_39' title="bbox 314 3037 1684 3109; baseline 0.002 -20"><span class='ocrx_word' id='word_1_255' title='bbox 314 3037 544 3091; x_wconf 79' lang='lat' dir='ltr'><strong>exitium</strong></span> <span class='ocrx_word' id='word_1_256' title='bbox 582 3056 799 3109; x_wconf 90' lang='lat' dir='ltr'><strong>quoque</strong></span> <span class='ocrx_word' id='word_1_257' title='bbox 836 3045 1107 3093; x_wconf 88' lang='lat' dir='ltr'><strong>terrarum</strong></span> <span class='ocrx_word' id='word_1_258' title='bbox 1145 3042 1388 3109; x_wconf 89' lang='lat' dir='ltr'><strong>caelique</strong></span> <span class='ocrx_word' id='word_1_259' title='bbox 1423 3042 1684 3093; x_wconf 87' lang='lat' dir='ltr'><strong>futurum.</strong></span> 
     </span>
     <span class='ocr_line' id='line_1_40' title="bbox 311 3116 2016 3184; baseline 0.002 -17"><span class='ocrx_word' id='word_1_260' title='bbox 311 3128 437 3167; x_wconf 87' lang='lat' dir='ltr'><strong>nam</strong></span> <span class='ocrx_word' id='word_1_261' title='bbox 472 3132 597 3169; x_wconf 89' lang='lat' dir='ltr'><strong>cum</strong></span> <span class='ocrx_word' id='word_1_262' title='bbox 632 3133 722 3171; x_wconf 88' lang='lat' dir='ltr'><strong>res</strong></span> <span class='ocrx_word' id='word_1_263' title='bbox 758 3116 929 3171; x_wconf 86' lang='lat' dir='ltr'><strong>tantis</strong></span> <span class='ocrx_word' id='word_1_264' title='bbox 965 3116 1168 3170; x_wconf 88' lang='lat' dir='ltr'><strong>morbis</strong></span> <span class='ocrx_word' id='word_1_265' title='bbox 1203 3118 1480 3184; x_wconf 86' lang='lat' dir='ltr'><strong>tantisque</strong></span> <span class='ocrx_word' id='word_1_266' title='bbox 1515 3116 1734 3184; x_wconf 86' lang='lat' dir='ltr'><strong>periclis</strong></span> <span class='ocrx_word' id='word_1_267' title='bbox 1942 3130 2016 3170; x_wconf 79' lang='lat'><strong>345</strong></span> 
     </span>
     <span class='ocr_line' id='line_1_41' title="bbox 312 3191 1544 3261; baseline 0.002 -17"><span class='ocrx_word' id='word_1_268' title='bbox 312 3192 732 3261; x_wconf 85' lang='lat' dir='ltr'><strong>temptarentur,</strong></span> <span class='ocrx_word' id='word_1_269' title='bbox 769 3192 845 3245; x_wconf 92' lang='lat' dir='ltr'><strong>ibi</strong></span> <span class='ocrx_word' id='word_1_270' title='bbox 882 3192 927 3246; x_wconf 86' lang='lat' dir='ltr'><strong>si</strong></span> <span class='ocrx_word' id='word_1_271' title='bbox 962 3191 1174 3245; x_wconf 85' lang='lat' dir='ltr'><strong>tristior</strong></span> <span class='ocrx_word' id='word_1_272' title='bbox 1207 3192 1544 3250; x_wconf 70' lang='lat' dir='ltr'><strong>incubuisset</strong></span> 
     </span>
    </p>
   </div>
  </div>
 </body>
</html>
