2259 3550
1093 105 1240 164 IIII
1923 103 2037 168 105

331 207 536 276 quippe
572 206 663 260 ubi
697 207 783 260 cui
814 205 987 262 febris
1021 207 1117 262 bili
1151 213 1447 278 superante
1481 211 1672 264 coorta
1705 213 1796 266 est

334 287 433 337 aut
466 282 575 337 alia
608 283 821 338 ratione
854 283 1093 352 aliquast
1125 284 1210 339 vis
1244 284 1430 338 excita
1462 284 1654 354 morbi,
1977 297 2052 342 snt

334 359 692 429 perturbatur
726 359 803 414 ibi
836 360 947 414 iam
982 363 1162 416 totum
1197 377 1396 430 corpus
1431 364 1492 416 et
1525 377 1716 418 omnes

333 440 741 490 commutantur
774 436 851 490 ibi
886 437 1166 507 positurae
1200 437 1620 508 principiorum3

333 512 399 566 fit
433 513 586 582 prius
619 511 693 566 ad
726 530 947 568 sensum
980 521 1047 568 ut
1081 531 1222 583 quae
1253 530 1486 584 corpora
1519 513 1914 570 conveniebant
2013 513 2022 516 ’

333 604 477 642 nunc
510 605 619 642 non
652 589 991 655 conveniant,
1028 594 1088 644 et
1120 593 1308 644 cetera
1341 591 1454 644 sint
1488 591 1665 660 magis
1697 593 1847 660 apta,

334 680 475 733 quae
498 667 787 735 penetrata
812 668 1021 734 queunt
1044 681 1266 720 sensum
1292 666 1622 736 progignere
1645 665 1920 721 acerbum.
1977 681 2052 723 σω

790 779 792 781 ,
1173 753 1210 787 *H-

331 829 567 896 utraque
601 827 747 881 enim
782 831 911 881 sunt
948 827 1003 881 in
1038 828 1214 882 mellis
1247 829 1544 882 commixta
1578 845 1804 898 sapore;

332 901 393 956 id
428 903 577 972 quod
608 903 717 957 iam
753 919 951 972 supera
984 903 1087 958 tibi
1124 919 1290 974 saepe
1325 904 1665 959 ostendimus
1699 909 1843 960 ante.

404 978 457 1032 N
461 995 567 1034 unc
602 995 705 1047 age
739 993 847 1047 quo
882 984 1045 1048 pacto
1080 979 1228 1035 naris
1262 980 1509 1035 adiectus
1544 980 1728 1036 odoris
1897 956 2170 1052 smil,

335 1058 529 1122 tangat
565 1071 737 1123 agam.
772 1055 1009 1125 primum
1045 1072 1134 1110 res
1170 1056 1373 1111 multas
1409 1073 1530 1111 esse
1564 1059 1846 1112 necessest

333 1131 481 1184 unde
517 1131 690 1185 fluens
723 1131 907 1186 volvat
941 1132 1123 1186 varius
1167 1148 1226 1186 se
1261 1133 1458 1188 fluctus
1495 1133 1743 1202 odorum,
1979 1140 2053 1186 8⁷6

334 1209 395 1261 et
426 1207 598 1262 fluere
633 1211 693 1262 et
726 1207 875 1262 mitti
910 1208 1067 1276 volgo
1103 1209 1396 1278 spargique
1430 1209 1822 1280 putandumst:

334 1299 525 1337 verum
560 1283 679 1349 aliis
714 1283 851 1338 alius
886 1285 1061 1352 magis
1096 1287 1184 1338 est
1217 1285 1579 1339 animantibus
1615 1289 1778 1355 aptus

252 1425 259 1430 Ι
334 1358 613 1412 dissimilis
648 1362 879 1428 propter
914 1359 1131 1413 formas.
1167 1359 1400 1428 ideoque
1433 1377 1537 1429 per
1571 1377 1734 1416 auras

332 1434 509 1488 mellis
542 1452 675 1504 apes
710 1434 959 1502 quamvis
991 1434 1156 1504 longe
1191 1436 1464 1490 ducuntur
1497 1437 1682 1506 odore,

334 1510 662 1579 volturiique
697 1510 1069 1565 cadaveribus.
1106 1515 1226 1566 tum
1261 1511 1390 1566 fissa
1424 1511 1665 1566 ferarum
1979 1523 2056 1566 oso

335 1586 537 1655 ungula
570 1603 675 1655 quo
712 1587 904 1642 tulerit
938 1603 1186 1656 gressum
1222 1588 1486 1657 permissa
1521 1605 1714 1644 canum
1747 1588 1830 1642 vis

337 1661 507 1730 ducit,
542 1667 602 1716 et
634 1663 931 1717 humanum
966 1663 1125 1732 longe
1161 1663 1468 1732 praesentit
1501 1663 1726 1719 odorem

340 1737 753 1794 Romulidarum
788 1739 930 1794 arcis
966 1743 1214 1795 servator
1247 1739 1513 1795 candidus
1548 1757 1721 1795 anser.

340 1816 417 1871 sic
452 1816 573 1869 aliis
608 1816 745 1869 alius
782 1816 939 1870 nidor
976 1817 1140 1871 datus
1175 1818 1247 1870 ad
1283 1832 1380 1871 sua
1415 1833 1688 1885 quemque

338 1892 541 1961 pabula
575 1893 729 1947 ducit
762 1896 823 1947 et
857 1909 891 1946 a
926 1896 1107 1947 taetro
1143 1893 1354 1947 resilire
1387 1910 1592 1948 veneno
1935 1952 1942 1957 ,
1985 1904 2058 1945 oss

339 1968 501 2036 cogit,
536 1984 709 2035 eoque
744 1968 907 2022 modo
944 1972 1234 2022 servantur
1269 1969 1447 2023 saecla
1481 1970 1732 2023 ferarum.

412 2044 522 2098 Hic
556 2044 693 2097 odor
726 2043 847 2113 ipse
880 2043 1068 2112 igitur,
1102 2043 1252 2097 naris
1287 2045 1616 2113 quicumque
1649 2044 1883 2111 lacessit,

340 2122 427 2173 est
461 2118 567 2172 ulio
601 2123 665 2174 ut
698 2119 873 2189 possit
907 2119 1158 2189 permitti
1193 2119 1404 2188 longius
1439 2120 1595 2175 aiter.

340 2194 441 2249 sed
474 2197 659 2249 tamen
694 2195 843 2249 haud
878 2196 1164 2265 quisquam
1201 2199 1314 2250 tam
1351 2196 1510 2264 longe
1543 2196 1724 2251 fertur
1757 2210 1947 2250 eorum

339 2286 505 2339 quam
531 2270 751 2338 sonitus,
776 2288 939 2339 quam
965 2287 1085 2337 vox,
1110 2272 1275 2327 mitto
1297 2272 1406 2326 iam
1431 2271 1618 2327 dicere
1641 2287 1802 2340 quam
1825 2286 1918 2326 res
1981 2284 2056 2325 eso

338 2362 479 2415 quae
511 2346 717 2400 feriunt
752 2346 1029 2401 oculorum
1064 2348 1208 2402 acies
1244 2347 1528 2417 visumque
1561 2348 1848 2402 lacessunt.

339 2422 683 2476 errabundus
718 2423 862 2476 enim
896 2424 1059 2479 tarde
1094 2424 1247 2479 venit
1279 2440 1344 2479 ac
1379 2425 1526 2494 perit
1561 2427 1691 2479 ante

338 2498 605 2567 paulatim
638 2498 812 2552 facilis
848 2498 1148 2555 distractus
1182 2501 1240 2553 in
1273 2501 1416 2557 aeris
1451 2516 1641 2565 auras3

339 2590 409 2629 ex
444 2574 559 2629 alto
592 2575 831 2644 primum
866 2575 995 2643 quia
1028 2576 1117 2630 vix
1153 2576 1425 2632 emittitur
1460 2593 1530 2632 ex
1566 2592 1655 2631 re:

338 2666 467 2705 nam
500 2652 723 2721 penitus
757 2651 929 2705 fluere
963 2656 1131 2721 atque
1166 2652 1428 2708 recedere
1461 2652 1627 2707 rebus
1661 2650 1862 2707 odores
1985 2664 2060 2705 ωε

340 2726 613 2795 significat
646 2722 797 2796 quod
832 2728 1005 2782 fracta
1038 2728 1214 2812 magis
1248 2728 1498 2784 redolere
1533 2728 1792 2783 videntur

339 2803 537 2872 omnis,
570 2803 719 2872 quod
753 2805 1003 2871 contrita,
1038 2805 1186 2874 quod
1218 2805 1330 2874 igni
1363 2805 1768 2861 conlabefacta:

339 2876 541 2934 deinde
576 2880 766 2935 videre
800 2880 933 2934 licet
965 2881 1260 2935 maioribus
1294 2897 1416 2936 esse
1450 2884 1697 2936 creatum

338 2954 620 3025 principiis
654 2972 818 3025 quam
854 2970 975 3021 vox,
1009 2958 1268 3025 quoniam
1301 2972 1403 3025 per
1437 2972 1602 3010 saxea.
1637 2956 1832 3023 saepta
2090 3025 2093 3029 ῃ

340 3047 449 3085 non
483 3034 757 3101 penetrat,
792 3048 901 3101 qua
934 3048 1043 3086 vox
1076 3033 1235 3100 volgo
1270 3032 1586 3101 sonitusque
1620 3030 1888 3084 feruntur.
1988 3038 2062 3083 700

342 3123 513 3175 quare
548 3107 715 3162 etiam
751 3108 901 3177 quod
935 3108 1049 3163 olet
1082 3126 1190 3162 non
1224 3111 1339 3162 tam
1373 3107 1534 3161 facile
1567 3122 1690 3161 esse
1722 3102 1938 3160 videbis
1999 3116 2012 3127 ·’

340 3182 671 3302 ξιένθειίςετθ
706 3186 759 3236 in
798 3201 907 3253 qua.
942 3184 1014 3238 sit
1049 3185 1272 3251 regione
1305 3184 1558 3239 locatmn.
