2259 3550
1155 104 1300 162 IIII
1967 108 2075 172 101

338 271 349 282 ,
377 227 540 281 quam
575 211 823 267 manibus
856 210 1146 264 manifesta
1181 209 1294 264 suis
1327 210 1580 265 emittere
1615 227 1889 282 quoquam

378 295 437 346 et
471 289 673 344 violare
710 288 877 341 fidem
914 286 1144 355 primam
1182 290 1242 341 et
1274 285 1580 341 convellere
1615 291 1736 343 tota
2009 305 2083 346 505

381 365 734 420 fundamenta
770 364 967 433 quibus
1002 363 1226 417 nixatur
1260 363 1374 416 vita
1407 363 1675 432 salusque.

382 459 484 496 non
524 443 685 496 modo
722 442 869 495 enim
905 440 1046 494 ratio
1084 444 1210 494 ruat
1244 442 1432 507 omnis,
1469 443 1582 496 vita
1615 459 1835 514 quoque
1869 443 1992 514 ipsa

379 520 627 574 concidat
662 518 955 586 extemplo,
990 517 1094 572 nisi
1130 517 1356 572 credere
1393 517 1638 572 sensibus
1673 521 1820 574 ausis

352 596 799 684 praecipitisque
836 595 981 649 locos
1016 594 1193 648 vitare
1229 598 1286 648 et
1321 599 1508 649 cetera
1543 612 1685 664 quae
1720 597 1830 652 sint
1923 627 1936 642 ,

378 672 437 726 in
470 688 671 740 genere
707 673 807 725 hoc
840 672 1113 740 fugienda,
1153 672 1310 742 sequi
1344 673 1618 726 contraria
1651 689 1794 748 quae
1827 673 1952 729 sint.
2009 685 2085 728 510

379 749 474 803 illa
508 748 611 803 tibi
650 752 735 802 est
770 749 939 816 igitur
976 747 1268 802 verborum
1305 749 1459 820 copia
1493 765 1646 803 cassa

380 826 555 879 omnis
591 843 731 894 quae
767 829 958 880 contra
994 843 1184 879 sensus
1220 826 1487 880 instructa
1521 829 1780 896 parat-ast.
1933 771 2206 926 khan-²⁶⁶

332 901 617 970 saeuique
653 907 717 955 ut
752 903 808 955 in
844 902 1065 971 fabrica,
1102 903 1147 956 si
1182 907 1406 972 pravast
1441 902 1631 970 regula
1663 902 1857 972 prima,

301 979 317 993 ²
382 993 679 1046 normaque
715 979 761 1030 si
796 978 962 1031 fallax
998 979 1164 1032 rectis
1200 978 1515 1046 regionibus
1550 979 1680 1044 exit,

382 1057 441 1108 et
476 1053 657 1107 libella
694 1055 875 1124 aliqua
910 1056 955 1108 si
992 1071 1060 1108 ex
1095 1055 1243 1123 parti
1279 1054 1552 1108 claudicat
1584 1051 1770 1123 hilum,
2012 1069 2084 1108 515

382 1132 563 1183 omnia
600 1131 857 1184 mendose
887 1131 1007 1184 fieri
1043 1135 1212 1199 atque·
1247 1131 1466 1200 obstipa
1500 1145 1724 1184 necesse
1759 1133 1848 1183 est

380 1223 548 1275 prava
584 1208 841 1260 cubantia.
877 1225 1047 1276 prona
1082 1208 1274 1275 supina
1310 1211 1480 1276 atque
1514 1207 1717 1260 absona
1753 1209 1914 1273 tecta,

382 1284 489 1336 iam
526 1301 685 1336 ruere
722 1289 783 1336 ut
820 1284 1090 1352 quaedam
1126 1283 1420 1337 videantur
1455 1283 1608 1347 velle,
1646 1284 1924 1349 ruantque

384 1359 600 1427 prodita
640 1359 851 1411 iudiciis
886 1358 1165 1412 fallacibus
1202 1361 1382 1413 omnia
1414 1360 1619 1428 primis,

383 1436 461 1488 sic
495 1437 661 1502 igitur
700 1435 837 1487 ratio
873 1435 977 1488 tibi
1012 1451 1196 1488 rerum
1233 1452 1399 1504 prava
1434 1436 1710 1489 necessest
2013 1449 2085 1488 520

384 1510 625 1579 falsaque
664 1513 749 1574 sit,
788 1511 939 1564 falsis
977 1528 1353 1580 quaecumque
1389 1511 1459 1564 ab
1497 1511 1744 1565 sensibus
1779 1515 1969 1566 ortast.

456 1586 612 1639 Nunc
648 1587 737 1638 alii
776 1603 967 1640 seusus
1003 1604 1111 1656 quo
1147 1592 1307 1654 pacto
1345 1588 1576 1656 quisque
1613 1604 1766 1640 suam
1792 1603 1910 1642 rem
1929 1563 2028 1641 72¹⁵
2043 1549 2234 1629 'a‘

386 1663 602 1728 sentiat,
642 1662 1061 1732 haudquaquam
1098 1663 1240 1715 ratio
1277 1679 1536 1733 scruposa
1569 1664 1764 1718 relicta
1797 1667 1898 1718 est.

457 1737 727 1808 Principio
762 1738 987 1793 auditur
1022 1755 1186 1793 sonus
1221 1743 1281 1793 et
1317 1756 1421 1793 vox
1457 1741 1646 1807 omnis,
1682 1741 1739 1794 in
1775 1725 2238 1868 auriW

384 1814 655 1868 insinuata
692 1831 787 1867 suo
822 1816 1081 1884 pepulere
1115 1816 1212 1869 ubi
1249 1832 1476 1885 corpore
1512 1834 1745 1871 sensum

384 1908 696 1960 corpoream
736 1908 917 1945 vocem
954 1909 1174 1962 quoquo
1210 1894 1354 1946 enim
1392 1897 1644 1947 constare
1677 1894 2020 1947 fatendumst
2053 1894 2136 1963 ⁵5

384 1972 443 2022 et
480 1969 729 2033 sonitum,
768 1970 1021 2035 quoniam
1058 1973 1290 2037 possunt
1323 1970 1588 2037 inpellere
1623 1986 1828 2023 sensus,
1946 1926 2205 2023 §M

384 2048 671 2113 praeterea
706 2044 855 2097 radit
876 2061 994 2097 ·vox
1030 2046 1212 2097 fauces
1249 2060 1414 2113 saepe
1448 2045 1688 2112 facitque

386 2121 661 2188 asperiora
694 2120 841 2173 foras
877 2120 1134 2187 gradiens
1171 2120 1374 2173 arteria
1409 2121 1624 2174 clamor.

386 2198 589 2265 quippe
623 2212 724 2263 per
760 2200 1051 2261 angustum
1088 2195 1252 2248 turba
1287 2197 1489 2249 maiore
1525 2201 1711 2251 coorta
2015 2212 2088 2251 530

386 2272 467 2325 ire
503 2272 647 2324 foras
681 2270 777 2323 ubi
814 2275 1109 2339 coeperunt
1145 2272 1445 2339 primordia
1479 2288 1688 2339 vocum,

388 2348 591 2401 scilicet
626 2345 831 2414 expleti
868 2362 1085 2415 quoque
1118 2347 1280 2400 ianua
1316 2348 1528 2401 raditur
1562 2349 1682 2401 oris.

389 2424 537 2495 haud
571 2423 739 2491 igitur
776 2421 1057 2475 dubiumst
1094 2423 1224 2492 quin
1261 2440 1418 2477 voces
1455 2424 1730 2491 verbaque
1763 2428 2019 2480 constent

389 2501 661 2567 corporeis
696 2517 729 2553 e
763 2498 1057 2567 principiis,
1092 2503 1155 2552 ut
1190 2500 1412 2553 laedere
1446 2499 1670 2569 possint.

389 2592 487 2629 nec
522 2579 580 2628 te
614 2575 755 2629 fallit
789 2575 923 2627 item
961 2575 1096 2643 quid
1132 2576 1370 2644 corporis
1407 2576 1621 2629 auferat
1655 2579 1714 2629 et
1749 2576 1886 2645 quid
2017 2592 2089 2631 635

390 2650 648 2705 detrahat
683 2668 753 2704 ex
787 2651 1065 2705 hominum
1101 2654 1281 2706 nervis
1315 2669 1379 2707 ac
1413 2651 1618 2705 viribus
1653 2652 1786 2723 ipsis

388 2731 690 2798 perpetuus
726 2745 903 2782 sermo
938 2728 1113 2796 nigrai
1151 2730 1325 2783 noctis
1361 2730 1433 2783 ad
1467 2728 1718 2783 umbram

390 2820 617 2859 aurorae
651 2804 953 2873 perductus
988 2804 1059 2859 ab
1095 2806 1378 2860 exoriente
1412 2806 1606 2872 nitore,

388 2882 711 2947 praesertim
749 2880 794 2933 si
829 2898 952 2934 cum
988 2882 1254 2935 summost
1288 2882 1522 2935 clamore
1557 2880 1825 2948 profusus,
2113 2930 2132 2950 ,

389 2973 520 3024 ergo
556 2973 869 3025 corpoream
907 2974 1091 3012 vocem
1128 2963 1379 3013 constare
1411 2959 1703 3023 necessest,
2017 2970 2091 3010 540

389 3033 561 3085 multa
595 3033 823 3101 loquens
858 3034 1111 3101 quoniam
1149 3035 1356 3088 amittit
1391 3034 1462 3087 de
1497 3048 1723 3101 corpore
1757 3034 1987 3100 partem.

302 3122 367 3156 τοι
390 3109 655 3175 asperitas
690 3113 873 3161 autem
911 3110 1054 3162 vocis
1090 3111 1155 3163 fit
1191 3110 1260 3163 ab
1295 3110 1593 3179 asperitate

389 3182 773 3251 principiorum
808 3186 869 3237 et
904 3183 1037 3238 item
1075 3185 1225 3239 levor
1261 3186 1442 3239 levore
1476 3187 1708 3240 creatur.
