2259 3550
1130 79 1237 136 111
1958 83 2032 136 83

318 185 457 238 illud
490 185 561 240 ab
596 184 697 238 hoc
732 184 901 252 igitur
936 183 1310 252 quaerendum
1345 189 1446 252 est,
1483 183 1618 252 quid
1651 184 1726 238 sit
1757 184 1928 238 amari

320 265 478 316 tanto
502 276 683 330 opere,
706 260 781 314 ad
803 275 1053 314 somnum
1078 260 1125 314 si
1151 277 1240 315 res
1263 260 1412 315 redit
1435 264 1605 330 atque
1631 260 1892 330 quietem,
1963 275 2035 314 910

318 354 416 391 cur
453 337 743 406 quisquam
778 340 1005 392 aeterno
1046 337 1220 404 possit
1254 337 1540 392 tabescere
1574 338 1741 392 luctu.

395 414 517 466 Hoc
552 413 721 467 etiam
755 412 965 466 faciunt
1001 413 1094 466 ubi
1135 413 1461 468 discubuere
1498 418 1804 483 tenentque

320 489 515 559 pocula
550 504 713 558 saepe
747 488 993 542 homines
1028 493 1088 543 et
1122 489 1438 544 inumbrant
1471 507 1571 544 ora
1603 492 1832 557 coronis,

316 581 395 618 ex
430 565 610 618 animo
643 567 710 619 ut
744 565 929 618 dicant
958 564 1996 638 Q

322 643 433 696 iam
466 641 637 698 fuerit
669 657 849 709 neque
883 645 1011 710 post
1046 658 1305 710 umquam
1342 657 1598 696 revocare
1631 642 1846 696 licebit’
1960 657 2032 696 915

322 721 603 786 tamquam
636 717 693 772 in
729 721 907 772 morte
942 717 1072 770 mali
1106 734 1231 771 cum
1268 718 1458 786 primis
1495 718 1598 772 hoc
1634 719 1706 772 sit
1741 735 1946 786 eorum,

322 793 472 864 quod
508 793 628 848 sitis
664 800 859 848 exurat
894 794 1121 848 miseros
1157 798 1325 863 atque
1359 793 1514 848 arida
1548 797 1742 861 torres,
1923 798 2018 850 «χιι
2076 773 2164 851 'ew‘

324 873 445 923 aut
456 869 593 924 aliae
630 870 781 923 cuius
817 868 1152 924 desiderium
1187 869 1422 924 insideat
1457 871 1551 924 rei.

324 961 424 998 nec
460 945 562 998 sibi
600 946 743 999 enim
780 946 1068 1014 quisquam
1106 949 1225 999 tum
1263 963 1322 1000 sc
1358 946 1638 1015 vitamque
1671 947 1925 1014 requirit,

324 1037 447 1074 cum
482 1021 691 1089 pariter
726 1037 881 1076 mens
916 1027 975 1074 et
1010 1038 1206 1091 corpus
1242 1022 1420 1092 sopita
1454 1022 1752 1091 quiescunt.
1961 1037 2032 1075 92⁰

324 1113 448 1150 nam
484 1097 613 1151 licet
648 1101 932 1152 aeternum
968 1115 1067 1166 per
1101 1114 1202 1152 nos
1235 1099 1312 1151 sic
1347 1115 1466 1152 esse
1504 1114 1767 1168 soporem.

324 1189 424 1226 nee
459 1172 793 1228 desiderium
828 1175 1001 1228 nostri
1037 1191 1136 1228 nos
1171 1174 1359 1227 adficit
1393 1173 1578 1226 ullum.

325 1252 603 1304 ettamen
640 1249 1067 1319 haudquaquam
1105 1253 1318 1304 nostros
1353 1253 1484 1303 tunc
1519 1249 1615 1303 illa
1648 1266 1749 1318 per
1783 1253 1937 1303 artus

325 1324 484 1394 longe
519 1325 589 1379 ab
626 1326 903 1380 sensiferis
938 1324 1242 1394 primordia
1275 1325 1514 1378 motibus
1550 1328 1754 1392 errant,

322 1418 447 1456 cum
482 1407 768 1470 correptus
808 1403 968 1456 homo
1004 1416 1074 1456 ex
1110 1417 1300 1455 somno
1335 1417 1394 1455 se
1429 1401 1637 1470 colligit
1671 1401 1802 1470 ipse.
1957 1415 2030 1454 925

325 1478 499 1532 multo
534 1478 705 1546 igitur
740 1482 975 1532 mortem
1012 1479 1191 1532 minus
1225 1476 1298 1530 ad
1335 1494 1432 1531 nos
1468 1493 1590 1532 esse
1624 1477 1999 1546 putandumst,

324 1553 373 1606 si
408 1554 589 1607 minus
623 1570 743 1608 esse
776 1559 963 1622 potest
998 1571 1162 1621 quam
1201 1553 1347 1622 quod
1381 1553 1457 1608 nil
1493 1569 1614 1608 esse
1649 1553 1898 1607 videmus
1913 1576 1928 1619 ;

327 1630 501 1684 maior
537 1631 681 1684 enim
716 1631 913 1684 turbae
949 1629 1208 1685 disiectus
1243 1630 1494 1684 materiai

326 1706 680 1774 consequitur
715 1707 827 1760 leto
860 1723 962 1761 nec
999 1708 1288 1775 quisquam
1323 1706 1642 1774 expergitus
1677 1711 1876 1770 exstat,

327 1782 527 1851 frig-ida
564 1800 729 1852 quem
765 1784 933 1839 semel
972 1788 1059 1839 est
1093 1784 1226 1837 vitai
1263 1800 1432 1851 pausa
1467 1788 1665 1838 secuta.

399 1860 648 1928 Denique
686 1860 732 1912 si
768 1876 957 1913 vocem
993 1873 1177 1915 rerum
1213 1863 1412 1912 natura
1447 1862 1674 1929 repente
1847 1858 2228 2005 KQ,-

327 1936 515 1988 mittat
548 1940 609 1989 et
642 1936 745 1989 hoc
780 1936 941 1989 alicui
977 1940 1224 1989 nostrum
1261 1936 1336 1987 sic
1370 1936 1619 2002 increpet
1651 1935 1774 2003 ipsa

328 2011 486 2079 ‘quid
521 2010 625 2065 tibi
660 2014 817 2065 tanto
851 2015 1085 2080 operest,
1122 2011 1384 2076 mortalis»,
1421 2010 1569 2079 quod
1603 2009 1764 2065 nimis
1797 2011 1977 2079 aegris

324 2086 563 2140 luctibus
595 2086 879 2154 indulges?
916 2086 1051 2154 quid
1087 2089 1319 2138 mortem
1355 2087 1630 2159 congemis
1663 2101 1728 2139 ac
1761 2086 1893 2141 fles?

327 2179 453 2215 nam
488 2162 663 2231 gratis
696 2165 949 2216 anteacta
982 2162 1089 2215 fuit
1124 2160 1224 2213 tibi
1261 2160 1374 2213 vita
1408 2162 1664 2229 priorque
1959 2176 2029 2215 935

327 2243 386 2291 et
421 2255 529 2291 nen
564 2238 747 2299 omnia
780 2240 1067 2303 pertusum
1105 2240 1364 2303 congesta
1398 2237 1553 2303 quasi
1589 2236 1645 2289 in
1681 2252 1777 2289 vas

328 2312 615 2367 commoda
648 2312 955 2380 perfluxere
990 2316 1162 2380 atque
1195 2312 1412 2379 ingrata
1444 2313 1730 2367 interiere:

328 2404 428 2441 cur
462 2404 570 2441 non
605 2391 669 2440 ut
702 2387 897 2455 plenus
932 2387 1079 2441 vitae
1114 2388 1340 2441 conviva·
1373 2388 1583 2441 recedis

329 2478 507 2532 aequo
543 2463 834 2530 animoque
871 2462 1021 2530 capis
1055 2478 1318 2530 securam,
1357 2464 1542 2531 stulte,
1578 2463 1855 2533 quietem'ss

330 2535 414 2591 sin
448 2555 515 2593 ea
550 2555 690 2606 quae
724 2539 935 2592 fructus
970 2555 1205 2608 cumque
1239 2556 1300 2593 es
1335 2540 1550 2610 periere
1583 2540 1806 2609 profusa
1959 2556 2028 2595 94⁰

330 2615 555 2684 vitaque
588 2616 643 2668 in
681 2615 959 2681 offensust,
996 2632 1094 2669 cur
1127 2617 1358 2684 amplius
1393 2616 1599 2672 addere
1635 2620 1868 2685 quaeris,

328 2707 543 2745 rursum
578 2692 725 2761 quod
762 2697 953 2760 pereat
988 2692 1131 2747 male
1167 2697 1226 2745 et
1261 2694 1534 2761 ingratum
1570 2692 1786 2748 occidat
1819 2708 1994 2751 omne.

242 2789 247 2793 ·
326 2782 436 2821 non
470 2768 655 2837 potius
690 2769 834 2822 vitae
870 2768 1033 2823 finem
1068 2768 1202 2823 facis
1235 2772 1406 2838 atque
1441 2769 1674 2825 laboris?

327 2858 452 2897 nam
486 2843 592 2897 tibi
628 2849 920 2912 praeterea
954 2844 1100 2913 quod
1136 2845 1416 2900 machiner
1448 2846 1848 2916 inveniamque,

326 2920 479 2987 quod
512 2920 741 2989 placcat,
778 2920 854 2973 nil
890 2925 1002 2974 est:
1037 2920 1232 2974 eadem
1268 2925 1396 2976 sunt
1431 2922 1612 2975 omnia
1645 2938 1875 2990 semper.
1954 2935 2028 2975 945

326 2994 373 3047 si
406 2994 511 3049 tibi
546 3012 652 3049 non
688 2996 843 3049 aunis
876 3012 1073 3065 corpus
1106 2996 1216 3049 iam
1249 3000 1459 3051 marcet
1493 3002 1554 3051 et
1589 3001 1743 3050 artus

326 3070 558 3125 confecti
592 3070 873 3139 languent,
908 3072 1103 3125 eadem
1141 3076 1325 3125 tamen
1359 3073 1540 3127 omnia
1571 3076 1800 3139 restant,

327 3146 508 3199 omnia
542 3146 589 3200 si
622 3162 821 3216 pergas
856 3147 1087 3201 vivendo
1123 3147 1342 3201 vincere
1375 3148 1566 3215 saecla,
