2259 3550
352 89 466 148 178
1147 85 1246 142 VI

344 195 434 246 est
468 191 635 245 etiam
672 189 885 258 magnis
922 187 1205 244 Heliconis
1241 192 1521 248 montibus
1554 195 1717 250 arbos

345 267 493 321 floris
528 267 697 320 odore
733 264 1009 319 hominem
1046 268 1226 320 taetro
1261 271 1522 322 consueta
1555 287 1768 326 necare.

344 343 552 398 scilicet
587 342 721 396 haec
754 341 881 398 ideo
915 342 1082 396 terris
1118 359 1187 397 ex
1223 343 1405 398 omnia
1441 355 1690 416 surgunt,

343 419 517 474 multa
550 418 729 472 modis
764 417 953 472 multis
988 419 1285 472 multarum
1321 421 1533 475 semina
1565 419 1773 478 rerum'

342 497 491 566 quod
525 496 802 566 permixta
835 495 982 564 gerit
1014 495 1180 549 tellus
1216 496 1568 567 discretaque
1603 501 1792 555 tradit.
2001 520 2079 560 τω

340 577 774 642 nocturnumque
808 587 998 626 recens
1032 573 1338 627 extinctum
1372 573 1558 628 lumen
1593 577 1688 630 ubi
1725 579 1836 632 acri

342 649 533 704 nidore
568 648 797 704 offendit
832 665 1007 718 nares,
1044 649 1294 719 consopit
1327 649 1552 719 ibidem,

342 725 633 781 concidere
669 729 730 780 et
766 741 987 796 spumas
1021 725 1117 794 qui
1153 725 1345 780 morbo
1381 727 1607 782 mittere
1641 730 1836 784 suevit.

342 806 701 872 castoreoque
736 802 890 870 gravi
922 801 1124 855 mulier
1159 803 1340 872 sopita
1375 803 1648 858 recumbit

344 883 401 933 et
438 878 686 934 manibus
721 877 961 932 nitidum
996 879 1204 934 teneris
1239 897 1376 948 opus
1413 880 1587 934 effluit
1621 881 1688 948 ei,
1999 901 2080 943 795

340 959 591 1026 tempore
628 972 695 1010 eo
729 956 776 1010 si
810 955 1093 1010 odoratast
1130 973 1240 1024 quo
1275 961 1558 1011 menstrua
1593 958 1766 1012 solvit.
1837 973 1842 976 ·

341 1032 626 1101 multaque
660 1035 948 1102 praeterea
982 1031 1300 1100 languentia
1333 1033 1582 1088 membra
1616 1051 1716 1102 per
1751 1039 1915 1088 art-us

340 1108 559 1163 solvunt
591 1112 759 1178 atque
793 1109 1028 1162 animam
1062 1108 1398 1164 labefactant
1433 1109 1658 1164 sedibus
1691 1111 1856 1166 intus,

342 1185 581 1254 denique
616 1185 664 1240 si
699 1185 889 1240 calidis
926 1186 1093 1240 etiam
1128 1189 1387 1240 cunctare
1426 1185 1663 1240 lavabris

338 1261 552 1331 plenior
586 1267 645 1318 et
678 1262 891 1330 laveris,
930 1262 1063 1315 solio
1098 1261 1364 1316 ferventis
1398 1263 1562 1332 aquai
1991 1285 2080 1323 300

339 1355 505 1406 quam
540 1339 698 1394 facile
733 1339 790 1391 in
826 1337 1009 1392 medio
1042 1338 1110 1392 fit
1145 1339 1228 1392 uti
1265 1338 1365 1392 des
1401 1355 1564 1408 saepe
1597 1340 1812 1395 ruinas!

340 1415 746 1485 carbonumque
780 1415 961 1483 gravis
997 1414 1079 1467 vis
1113 1417 1282 1483 atque
1319 1415 1456 1468 odor
1487 1416 1796 1470 insinuatur

340 1507 505 1559 quam
526 1491 687 1545 facile
710 1491 768 1544 in
793 1489 1097 1559 cerebrum,
1122 1491 1227 1544 nisi
1253 1507 1450 1559 aquam
1473 1493 1850 1561 praecepimus
1887 1501 2070 1553 anto!

340 1571 400 1622 at
434 1583 557 1622 cum
592 1566 838 1620 membra
872 1567 1065 1620 domus
1099 1569 1351 1637 percepit
1385 1568 1647 1622 fervidior
1680 1569 1790 1647 vis·

340 1647 459 1698 tum
495 1644 562 1698 fit
594 1643 731 1697 odor
766 1643 869 1696 viri
904 1643 1099 1712 plagae
1135 1644 1444 1699 mactabilis
1476 1645 1663 1699 instar.
1987 1667 2074 1705 305

340 1736 521 1774 nonne
556 1719 711 1774 vides
746 1719 912 1774 etiam
949 1723 1101 1774 terra
1136 1736 1354 1789 quoque
1391 1720 1582 1791 sulpur
1613 1721 1671 1774 in
1706 1721 1826 1791 ipsa

338 1797 550 1867 gignier
586 1801 644 1851 et
679 1799 861 1851 taetro
896 1812 1246 1851 concrescere
1281 1796 1450 1851 odore
1483 1797 1763 1869 bitumen;

342 1873 583 1943 denique
618 1872 712 1927 ubi
748 1872 965 1941 argenti
1000 1888 1168 1927 venas
1202 1872 1432 1944 aurique
1467 1877 1738 1942 secuntur,

340 1952 509 2005 terrai
542 1949 765 2019 penitus
800 1952 1109 2004 scrutantes
1145 1950 1338 2005 abdita
1371 1950 1532 2011 ferro,

338 2027 515 2097 qualis
552 2027 767 2096 expiret
804 2026 1160 2097 Scaptensula
1194 2026 1386 2080 subter
1421 2028 1651 2082 odores?
1977 2047 2070 2087 sio

338 2104 543 2173 quidve
579 2103 709 2157 mali
746 2103 810 2156 fit
844 2106 927 2155 ut'
944 2101 1206 2156 exhalent
1241 2106 1434 2156 aurata
1469 2104 1716 2159 metalla!

338 2197 475 2250 quas
511 2179 788 2233 hominum
827 2177 1073 2232 reddunt
1107 2178 1275 2232 facies
1309 2178 1594 2247 qualisque
1631 2179 1864 2236 colores!

338 2274 517 2311 nonne
552 2256 707 2310 vides
742 2255 968 2309 audisve
1004 2255 1186 2323 perire
1220 2254 1276 2307 in
1311 2259 1559 2325 tempore
1592 2271 1762 2326 parvo

340 2350 500 2405 quam
540 2332 750 2387 soleant
785 2335 844 2385 et
879 2346 1041 2401 quam
1077 2331 1210 2385 vitai
1247 2332 1404 2402 copia
1440 2331 1600 2401 desit,

339 2428 477 2480 quos
512 2425 676 2478 opere
711 2409 768 2462 in
805 2408 902 2463 tali
938 2407 1159 2463 cohibet
1193 2408 1276 2462 vis
1313 2424 1508 2477 mag-na
1541 2408 1814 2465 necessis?
1975 2429 2065 2470 815

339 2487 437 2540 hos
469 2486 643 2555 igitur
676 2485 841 2539 tellus
875 2486 1049 2539 omnis
1084 2488 1374 2539 exaestuat
1408 2488 1594 2540 aestus

340 2564 665 2633 expiratque
699 2562 846 2615 foras
880 2561 937 2614 in
972 2565 1228 2630 apertum
1261 2565 1626 2632 promptaque
1661 2562 1812 2618 caeli.

409 2640 499 2695 Sic
534 2642 594 2693 et
630 2639 851 2693 Averna
882 2637 1001 2691 loca
1034 2636 1258 2693 alitibus
1293 2638 1634 2693 summittere
1671 2638 1876 2693 debent

339 2716 675 2772 mortiferam
710 2713 837 2781 vim,
874 2714 947 2769 de
981 2718 1146 2769 terra
1170 2731 1312 2785 quae
1327 2743 1334 2751 ·
1349 2715 1527 2783 surgit
1559 2717 1616 2769 in
1653 2730 1828 2781 auras,

336 2797 404 2850 ut
438 2792 677 2863 spa-tium
710 2791 845 2845 caeli
880 2792 1117 2861 quadam
1151 2791 1223 2846 de
1257 2795 1416 2863 parte
1452 2796 1714 2856 venenet;
1974 2808 2062 2850 820
2167 2858 2169 2861 Α

339 2888 450 2941 quo
484 2867 644 2924 simul
679 2883 743 2921 ac
775 2866 1013 2937 primum
1047 2868 1240 2937 pennis
1277 2869 1460 2923 delata
1495 2866 1568 2922 sit
1603 2868 1726 2937 ales,

338 2945 676 3016 impediatur
708 2942 787 2997 ibi
819 2960 980 2998 caeco
1013 2948 1267 3014 correpta
1301 2960 1518 3009 veneno,

337 3025 405 3075 ut
438 3020 602 3073 cadat
635 3034 668 3072 e
702 3019 924 3086 regione
956 3019 1075 3087 loci,
1110 3037 1220 3088 qua
1254 3019 1459 3087 derigit
1491 3024 1692 3074 aestus.

338 3110 448 3163 quo
482 3110 607 3148 cum
642 3094 871 3160 conruit,
908 3092 997 3148 hic
1032 3096 1225 3149 eadem
1262 3095 1346 3149 vis
1377 3094 1525 3148 illius
1561 3099 1746 3149 aestus

338 3168 598 3238 reliquias
633 3167 777 3220 vitae
810 3168 1071 3222 membris
1106 3186 1175 3222 cx
1211 3170 1462 3224 omnibus
1496 3170 1691 3224 aufert.
1969 3186 2056 3229 825
