2259 3550
230 67 357 128 170‘
1035 59 1134 116 VI

222 168 430 224 vertice
462 167 537 222 de
571 166 775 222 montis
808 164 1099 218 videantur
1134 179 1360 232 surgere
1393 165 1454 218 in
1485 164 1748 219 aethram.

220 261 349 298 nam
382 243 503 297 loca
536 242 783 296 declarat
818 257 1033 294 sursum
1068 242 1298 293 ventosa
1329 243 1523 310 patere

220 337 310 376 res
343 319 467 389 ipsa
502 322 562 373 et
597 335 804 385 sensus,
840 316 1043 370 montis
1076 333 1202 369 cum
1237 317 1582 372 ascendimus
1613 319 1769 373 altos.

218 401 509 468 praeterea
542 393 819 464 permulta
854 394 991 446 mari
1026 410 1248 462 quoque
1282 394 1477 448 tollere
1511 399 1633 450 toto
1863 409 1952 450 4⁷0

220 489 451 542 corpora
484 474 740 525 naturam
778 469 1061 523 declarant
1096 469 1260 524 litore
1295 473 1481 525 vestes

221 567 532 619 suspensae,
569 566 693 602 cum
728 546 1042 616 concipiunt
1076 547 1286 600 umoris
1319 546 1635 602 adhaesum.

221 644 330 696 quo
366 626 540 694 magis
576 624 649 679 ad
686 623 847 678 nubis
885 623 1165 692 augendas
1203 623 1378 677 multa
1411 623 1671 678 videntur

220 720 381 772 posse
418 718 638 772 quoque
674 718 708 755 e
742 700 885 754 salso
924 715 1261 768 consurgere
1297 701 1536 754 momine
1569 701 1756 769 ponti;

222 797 349 834 nam
384 779 528 832 ratio
563 777 1017 845 consanguineast
1050 776 1335 831 umoribus
1371 777 1505 831 ollis.
1863 789 1950 831 475

222 858 511 926 praeterea
545 853 723 923 fluziis
757 870 827 908 ex
862 851 1115 906 omnibus
1150 855 1212 906 et
1246 852 1408 906 simul
1442 854 1564 921 ipsa

223 949 449 1000 surgere
485 930 557 985 de
592 935 745 985 terra
778 928 1007 983 nebulas
1042 932 1370 998 aestumque
1405 930 1667 997 videmus,

223 1025 365 1078 quae
400 1006 552 1061 velut
585 1005 788 1060 halitus
822 1005 949 1060 hinc
984 1006 1065 1059 ita
1100 1021 1316 1058 sursum
1353 1021 1616 1075 expressa
1646 1005 1904 1058 feruntur

223 1084 655 1151 suffunduntque
690 1099 789 1136 sua
822 1081 1033 1136 caelum
1068 1081 1302 1149 caligine
1335 1085 1399 1136 et
1431 1081 1574 1135 altas

222 1160 497 1214 sufficiunt
531 1158 690 1212 nubis
726 1158 991 1226 paulatim
1026 1157 1418 1212 conveniundo.
1861 1173 1944 1211 480

223 1241 389 1306 urget
424 1236 569 1290 enim
607 1251 827 1304 quoque
864 1233 1109 1302 signiferi
1147 1250 1313 1304 super
1348 1233 1590 1288 aetheris
1621 1237 1810 1288 aestus
1915 1237 1922 1240 ’

224 1317 284 1368 et
318 1314 473 1383 quasi
511 1311 790 1366 densendo
828 1310 1074 1366 subtexit
1108 1311 1327 1364 caerula
1359 1310 1575 1365 nimbis.

223 1390 289 1444 fit
325 1406 543 1459 quoque
578 1392 645 1443 ut
678 1388 787 1442 huc
822 1388 1043 1442 veniant
1079 1387 1137 1440 in
1173 1387 1381 1440 caelum
1417 1388 1756 1443 extrinsecus
1787 1388 1883 1442 illa

222 1482 452 1535 corpora
488 1481 629 1532 quae
667 1465 875 1518 faciunt
910 1463 1072 1518 nubis
1108 1463 1430 1532 nimbosque
1464 1465 1711 1519 volantis.

221 1540 673 1596 innumerabilem
692 1541 837 1593 enim
858 1556 1142 1592 numerum
1164 1556 1542 1609 summamque
1560 1540 1818 1611 profundi
1863 1556 1941 1596 485

224 1635 343 1672 esse
377 1616 645 1670 infinitam
682 1615 859 1682 docui,
898 1619 1213 1684 quantaque
1249 1616 1498 1670 volarent

222 1709 452 1760 corpora
486 1690 793 1745 mobilitate
832 1691 1049 1746 ostendi
1085 1708 1364 1761 quamque
1398 1696 1629 1760 repente

224 1766 637 1824 inmemorabile
664 1785 778 1836 per
814 1767 1055 1837 spatium
1091 1767 1329 1823 transire
1365 1768 1619 1825 solerent.

223 1847 359 1900 haut
394 1845 565 1914 igitur
602 1845 861 1899 mirumst
896 1844 942 1898 si
978 1862 1150 1914 parvo
1188 1848 1438 1913 tempore
1473 1863 1638 1916 saepe

224 1928 339 1977 tam
373 1922 584 1990 magnis
620 1921 819 1975 nimbis
854 1924 1158 1991 tempestas
1193 1925 1362 1991 atque
1395 1923 1660 1977 tenebrae
1863 1938 1940 1978 m

224 2000 507 2068 coperiant
540 1998 715 2052 maria
751 2016 815 2052 ac
852 2002 1031 2052 terras
1066 1998 1296 2066 inpensa
1331 2015 1583 2068 superne,

227 2076 469 2145 undique
507 2073 950 2162 quandoquidem
985 2090 1086 2143 per
1122 2073 1308 2128 caulas
1345 2075 1588 2131 aetheris
1621 2076 1798 2131 omnis

226 2157 285 2207 ct
319 2152 478 2221 quasi
511 2168 613 2220 per
648 2151 832 2219 magni
869 2150 1074 2205 circum
1112 2150 1382 2219 spiracula
1415 2152 1608 2205 mundi

226 2230 406 2283 exitus
441 2227 809 2297 introitusque
846 2227 1131 2281 elementis
1166 2226 1422 2281 redditus
1457 2232 1628 2283 extat.

118 2307 140 2327 ⁶
295 2304 349 2358 N
352 2322 457 2359 unc
492 2320 609 2372 age,
645 2320 754 2372 quo
788 2307 953 2372 pacto
987 2303 1201 2371 pluvius
1237 2308 1552 2359 concrescat
1585 2305 1642 2358 in
1675 2306 1802 2359 altis
1863 2320 1938 2361 405

46 2328 219 2479 M
224 2380 461 2437 nubibus
498 2396 655 2433 umor
691 2382 750 2433 et
783 2380 841 2433 in
876 2384 1054 2434 terras
1090 2379 1361 2434 demissus
1397 2383 1462 2434 ut
1495 2380 1672 2453 imber

226 2457 461 2525 decidat,
498 2456 803 2526 expediam.
838 2456 1075 2526 primum
1110 2456 1222 2509 iam
1259 2456 1468 2511 semina
1501 2458 1659 2526 aquai

226 2534 401 2587 multa
436 2533 597 2586 simul
632 2533 844 2587 vincam
880 2550 1207 2602 consurgere
1242 2532 1479 2587 nubibus
1511 2534 1646 2602 ipsis

227 2610 476 2664 omnibus
511 2626 581 2664 ex
616 2608 783 2663 rebus
816 2611 1136 2679 pariterque
1169 2610 1251 2664 ita
1285 2627 1534 2665 crescere
1566 2615 1878 2680 utrumque,

226 2691 285 2741 et
308 2686 469 2741 nubis
493 2689 552 2740 et
574 2703 776 2754 aquam
800 2703 1173 2755 quaecumque
1196 2686 1252 2739 in
1277 2686 1515 2741 nubibus
1539 2691 1710 2756 extat,
1861 2702 1938 2743 500

226 2769 290 2818 ut
324 2764 534 2833 pariter
568 2762 727 2816 nobis
766 2779 963 2831 corpus
1000 2779 1125 2816 cum
1163 2767 1424 2834 sanguine
1459 2764 1670 2832 crescit,
1885 2770 1894 2779 ’

228 2841 397 2895 sudor
414 2840 549 2895 item
568 2844 738 2909 atque
756 2856 915 2893 umor
936 2842 1263 2910 quicumque
1283 2846 1369 2896 est
1387 2842 1624 2911 denique
1641 2839 1917 2896 membris.

227 2917 537 2985 concipiunt
573 2917 741 2971 etiam
777 2916 1012 2971 multum
1049 2934 1268 2986 quoque
1304 2936 1468 2987 saepe
1502 2919 1774 2973 marinum

227 3008 487 3059 umorem,
526 2994 697 3046 veluti
731 2992 1031 3061 pendentia
1067 2994 1272 3049 vellera
1305 2995 1476 3063 lanae,

226 3082 352 3120 cum
387 3072 584 3136 supera
618 3084 874 3136 magnum
908 3084 1059 3122 mare
1094 3070 1246 3125 venti
1279 3070 1470 3126 nubila
1501 3074 1739 3141 portant.
1861 3084 1936 3126 σω

227 3142 489 3194 consimili
525 3143 738 3197 ratione
773 3158 843 3195 ex
878 3142 1127 3197 omnibus
1163 3147 1415 3201 amnibus
1450 3164 1608 3202 umor
