2259 3550
150 239 259 292 quo
295 223 473 275 minus
508 224 593 274 est
629 219 827 273 mirum
863 219 910 272 si
947 221 1100 272 certo
1137 217 1384 286 tempore
1417 217 1547 272 luna

150 299 395 368 gignitur
430 301 489 351 et
524 300 675 350 certo
714 294 934 349 deletur
968 299 1218 362 tempore
1254 311 1426 362 rusus

150 393 180 426 c
310 374 429 427 fieri
464 373 675 441 possint
709 376 822 424 tam
859 374 1009 425 certo
1046 372 1516 438 temporemulta..
1786 384 1856 424 750

52 438 62 454 ⁸
222 451 362 504 Solis
395 450 530 502 item
567 465 783 517 quoque
820 446 1069 500 defectus
1105 448 1376 514 lunaeque
1412 448 1652 501 latebras

13 547 18 564 ·
151 525 397 595 pluribus
432 543 463 579 e
500 525 675 578 causis
711 524 831 577 fieri
867 523 968 577 tibi
1004 539 1164 591 posse
1199 524 1572 592 putandumst.

153 619 279 655 nam
314 619 412 656 cur
446 600 575 654 luna
610 603 777 669 queat
810 603 1017 652 terram
1055 598 1336 652 secludere
1374 600 1502 653 solis

148 678 351 731 lumine
388 680 445 731 et
481 693 514 730 a
548 675 713 730 terris
748 676 918 728 altum
954 678 1118 742 caput
1155 674 1442 730 obstruere
1477 677 1543 741 ei,

152 754 393 808 obiciens
428 769 650 806 caecum
687 751 856 804 radiis
891 751 1214 805 ardentibus
1249 751 1470 816 orbem3
1785 763 1856 803 755

152 833 401 898 tempore
438 828 629 882 eodem
668 827 803 880 aliut
838 827 1017 881 facere
1040 827 1099 880 id
1135 844 1242 881 non
1279 844 1438 896 posse
1475 831 1704 896 putetur

150 922 346 974 corpus
382 904 531 973 quod
565 921 775 957 cassum
810 903 1029 957 labatur
1063 903 1268 957 lumine
1303 905 1550 972 semper?

153 981 339 1049 solque
376 997 502 1034 suos
540 981 705 1034 etiam
740 979 1021 1033 dimittere
1057 979 1350 1048 languidus
1387 979 1528 1047 ignis

155 1060 401 1124 tempore
437 1073 534 1110 cur
568 1059 719 1109 certo
754 1059 993 1124 nequeat
1028 1073 1389 1124 recreareque
1424 1056 1624 1120 lumen,

153 1150 274 1186 cum
309 1133 429 1186 loca
462 1132 753 1200 praeteriit
786 1131 1019 1184 fiammis
1054 1132 1255 1185 infesta
1289 1149 1388 1200 per
1424 1149 1598 1197 auraS,
1789 1145 1861 1184 760

153 1226 293 1278 quae
328 1209 533 1262 faciunt
568 1207 711 1276 ignis
746 1207 1095 1275 interstingui
1130 1212 1298 1277 atquc
1333 1208 1554 1277 perire?

155 1289 213 1339 et
248 1303 346 1339 cur
380 1288 530 1338 terra
566 1288 735 1353 queat
768 1284 952 1336 lunam
988 1283 1221 1352 spoliare
1257 1284 1491 1338 vicissim

151 1362 353 1415 lumine
388 1365 449 1415 et
482 1378 801 1430 oppressum
837 1361 1005 1413 solem
1042 1377 1208 1429 super
1241 1361 1360 1428 ipsa
1394 1363 1600 1425 tenere,

158 1442 437 1492 menstrua
472 1438 601 1490 dum
638 1437 843 1504 rigidas
878 1437 996 1490 coni
1035 1436 1342 1504 perlabitur
1373 1436 1627 1501 umbras;

156 1518 405 1582 tempore
442 1514 634 1567 eodem
672 1514 808 1566 aliut
844 1515 1083 1581 nequeat
1118 1529 1438 1565 succurrere
1473 1513 1634 1564 lunae
1790 1526 1861 1566 765

158 1607 356 1659 corpus
391 1590 477 1643 vel
516 1607 681 1658 supra
718 1590 845 1642 solis
881 1589 1151 1655 perlabier
1185 1587 1389 1655 orbem,

159 1666 305 1733 quod
342 1665 524 1718 radios
560 1665 925 1733 interrumpat
962 1665 1254 1733 lumenque
1289 1663 1609 1733 profusum?

156 1745 215 1797 et
249 1746 437 1797 tamen
473 1741 593 1810 ipsa
628 1757 725 1794 suo
762 1741 807 1795 si
842 1741 1019 1809 fulget
1052 1740 1183 1794 luna
1220 1740 1410 1809 nitore,

188 1835 254 1872 ur
289 1821 525 1887 nequeat
559 1821 711 1874 certa
742 1817 933 1871 mundi
967 1817 1320 1885 languescere
1355 1821 1531 1886 parte,

158 1895 289 1949 dum
326 1894 445 1948 loca
479 1893 773 1947 luminibus
808 1893 1043 1963 propriis
1080 1894 1300 1947 inimica
1333 1910 1434 1961 per
1469 1894 1618 1948 exit?
1790 1906 1860 1948 770

188 1968 211 1997 '
230 1971 389 2035 Quod
424 1974 691 2039 superest,
728 1970 981 2038 queniam
1016 1969 1200 2038 magni
1233 1986 1334 2038 per
1367 1971 1584 2024 caerula
1621 1970 1809 2025 mundi

62 1977 183 2174 J
198 2064 272 2103 ua
304 2047 425 2101 fieri
462 2047 725 2116 quicquid
760 2051 944 2116 posset
977 2046 1191 2100 ratione
1227 2048 1439 2113 resolvi,

51 2052 285 2307 fons
318 2124 402 2178 uti
439 2124 619 2177 varios
657 2140 846 2177 cursus
881 2123 1150 2191 lunaeque
1185 2126 1398 2175 meatus

160 2216 383 2253 noscere
418 2215 701 2267 possemus
736 2205 877 2267 quae
912 2198 994 2251 vis
1030 2202 1089 2251 et
1124 2214 1289 2252 causa
1325 2198 1514 2264 cieret,
1791 2210 1892 2255 775·

13 2168 64 2237 ὗ

160 2293 339 2345 quove
372 2276 536 2329 modo
564 2281 791 2343 possent
827 2275 1021 2328 offecto
1056 2275 1260 2327 lumine
1297 2274 1448 2327 obire

160 2356 219 2407 et
253 2369 433 2421 neque
468 2352 741 2421 opinantis
776 2351 1022 2405 tenebris
1056 2350 1332 2421 obducere
1366 2354 1559 2419 terras,

161 2446 285 2484 cum
307 2428 477 2499 'quasi
512 2429 766 2482 conivent
801 2431 859 2481 et
893 2430 1086 2497 aperto
1120 2427 1325 2480 lumine
1360 2444 1576 2480 rursum

161 2504 343 2559 omnia
376 2505 661 2559 convisunt
697 2504 845 2558 clara
877 2504 997 2557 loca
1029 2502 1266 2557 candida
1299 2502 1435 2570 luce,

13 2315 58 2387 ’ἦ

162 2599 304 2636 nunc
338 2582 506 2636 redeo
541 2581 613 2634 ad
648 2580 838 2633 mundi
872 2580 1173 2633 novitatem
1211 2583 1269 2633 et
1303 2579 1488 2633 mollia
1522 2582 1706 2634 terrae
1787 2593 1864 2635 ‘780

162 2675 307 2727 arva,
342 2674 480 2711 novo
516 2658 635 2711 fetu
668 2656 804 2725 quid
838 2656 1075 2724 primum
1110 2656 1166 2708 in
1201 2655 1419 2709 luminis
1455 2672 1578 2709 oras

163 2736 361 2790 tolleie
394 2737 455 2787 et
488 2731 711 2787 incertis
746 2732 955 2785 crerint
990 2732 1334 2785 committere
1369 2732 1560 2786 ventis.

88 2823 121 2885 χ
236 2809 511 2879 Principio
546 2824 720 2878 genus
754 2808 1049 2862 herbarum
1082 2807 1421 2877 viridemque
1455 2808 1690 2862 nitorem

86 2909 115 2943 π’
164 2892 314 2942 terra
350 2886 508 2940 dedit
544 2887 746 2940 circum
784 2884 934 2938 collis
970 2900 1296 2952 camposque
1331 2900 1432 2953 per
1467 2885 1656 2951 omnis,

166 2963 359 3015 florida
392 2962 661 3015 fulserunt
695 2961 954 3015 viridanti
988 2964 1150 3029 prata
1185 2960 1377 3027 colore,
1792 2974 1866 3015 785

76 3050 97 3101 x,
137 3037 559 3105 arboribusque
596 3037 839 3090 datumst
874 3038 1035 3089 variis
1070 3035 1270 3090 exinde
1304 3052 1404 3103 per
1440 3052 1599 3089 auras

119 3143 131 3157 ο
150 3105 445 3167 ‘crescendi
480 3130 734 3180 magnum
768 3113 1002 3165 inmissis
1037 3115 1314 3165 certamen
1349 3110 1592 3165 habenis

163 3192 229 3243 ut
264 3188 449 3257 pluma
482 3190 650 3255 atque
685 3187 783 3256 pili
818 3187 1054 3255 primum
1090 3189 1386 3254 saetaeque
1420 3191 1678 3241 creantur
