2259 3550
1155 98 1253 154 VI
1919 99 2028 156 169

332 201 389 255 in
424 217 575 255 mare
612 202 684 256 de
720 203 869 257 caelo
904 202 1218 272 descendat,
1255 219 1420 272 quam
1454 204 1600 258 freta
1633 205 1838 258 circum

329 277 645 332 fervescunt
679 280 922 346 graviter
959 279 1296 349 spirantibus
1328 279 1498 333 incita
1532 280 1733 348 flabris,

328 358 386 408 et
422 370 796 423 quaecumque
831 356 889 408 in
925 373 991 409 eo
1027 360 1147 410 trun
1185 357 1293 410 sint
1329 356 1599 424 deprensa
1634 358 1874 411 tumultu

325 432 542 497 navigia
576 431 633 484 in
669 448 940 484 stunmum
977 433 1200 486 veniant
1234 436 1432 486 vexata
1468 433 1743 501 periclum.
1963 449 2035 488 43⁰

327 507 430 560 hoc
466 507 532 560 fit
566 505 660 561 ubi
695 508 973 562 interdum
1008 525 1115 562 non
1154 511 1275 578 quit
1309 509 1392 562 vis
1427 509 1595 562 incita
1629 510 1778 564 venti

324 599 581 653 rumpere
614 600 781 652 quam
817 585 999 654 coepit
1032 584 1250 649 nubem,
1289 584 1388 638 sed
1425 584 1703 654 deprimit,
1740 590 1802 640 ut
1839 587 1913 642 sit

323 659 382 712 in
416 675 568 713 marc
604 660 675 714 de
712 661 861 714 caelo
896 665 1180 729 tamquam
1216 660 1455 715 demissa
1491 661 1754 728 columna,

326 733 603 802 paulatim,
640 735 794 803 quasi
829 735 964 804 quid
998 753 1182 804 pugno
1218 736 1552 804 bracchique
1588 753 1826 806 superne

325 810 573 864 coniectu
608 811 868 865 trudatur
904 816 961 866 et
997 812 1332 867 extendatur
1367 813 1424 866 in
1461 812 1668 878 undas3
1959 829 2032 868 435

326 902 489 955 quam
526 903 649 940 cum
688 887 925 955 discidit,
961 889 1087 942 hinc
1122 889 1498 958 prorumpitur
1532 890 1588 942 in
1625 906 1777 944 mare
1811 892 1960 946 venti
2025 930 2029 934 -

324 962 406 1016 vis
444 967 503 1017 et
537 963 805 1017 fervorem
840 965 1035 1017 mirum
1074 965 1362 1018 concinnat
1395 965 1451 1019 in
1487 965 1662 1018 undis.

327 1040 699 1093 versabundus
735 1041 881 1094 enim
918 1039 1081 1094 turbo
1117 1041 1408 1096 descendit
1442 1045 1500 1096 et
1534 1041 1685 1096 illam

326 1114 553 1170 deducit
588 1117 794 1184 pariter
829 1117 980 1171 lento
1015 1134 1140 1171 cum
1176 1135 1402 1186 corpore
1439 1117 1670 1184 nubem3

326 1208 489 1259 quam
514 1193 669 1246 simul
696 1210 758 1246 ac
780 1192 1065 1261 gravidam
1091 1194 1332 1248 detrusit
1355 1193 1428 1248 ad
1452 1210 1692 1263 aequora
1715 1196 1886 1265 ponti,
1956 1212 2028 1249 420

324 1267 417 1322 ille
450 1269 508 1322 in
544 1285 739 1338 aquam
778 1269 959 1323 subito
992 1273 1173 1323 totum
1209 1287 1269 1324 se
1303 1271 1532 1325 inmittit
1568 1275 1628 1325 ct
1662 1289 1822 1326 omne

326 1345 533 1399 excitat
568 1344 777 1412 ingenti
816 1346 998 1399 sonitu
1031 1363 1186 1401 mare
1220 1347 1435 1400 fervere
1469 1363 1682 1415 cogens,

325 1421 392 1474 fit
426 1437 643 1490 quoquc
679 1426 742 1475 ut
778 1422 1016 1475 involvat
1052 1423 1202 1476 venti
1237 1440 1297 1476 se
1333 1423 1569 1476 nubibus
1604 1425 1722 1492 ipse

324 1502 517 1551 vertex
553 1499 857 1551 conradens
890 1515 960 1552 ex
996 1515 1123 1552 aere
1159 1499 1366 1553 semina
1400 1499 1561 1553 nubis

328 1577 387 1627 et
423 1574 578 1641 quasi
615 1574 909 1628 demissum
946 1575 1097 1628 caclo
1130 1580 1380 1643 prestera
1415 1576 1675 1631 imitetur.
1955 1591 2028 1629 445

325 1648 414 1702 hic
450 1649 544 1702 ubi
581 1666 641 1704 se
675 1651 729 1703 in
768 1654 947 1704 terras
984 1651 1207 1705 demisit
1242 1651 1618 1720 dissoluitquc,

324 1725 557 1780 turbinis
591 1726 862 1782 inmanem
898 1729 1005 1781 vim
1040 1729 1312 1797 provomit
1347 1732 1514 1799 atque
1548 1728 1835 1800 procellae.

324 1802 425 1856 scd
461 1804 591 1872 quia
625 1804 691 1858 fit
725 1820 849 1857 raro
886 1806 1101 1857 omnino
1140 1806 1446 1873 montisque
1483 1809 1762 1860 necessest

323 1879 540 1933 officere
576 1880 631 1932 in
668 1882 845 1944 terris,
882 1886 1113 1949 apparet
1149 1882 1394 1935 crebrius
1428 1881 1574 1935 idem

323 1959 617 2023 prospectu
653 1957 819 2008 maris
853 1958 908 2009 in
946 1974 1142 2023 magno
1177 1958 1436 2025 caeloque
1469 1958 1696 2026 patenti.
1952 1975 2026 2013 450

398 2030 599 2084 Nubila
632 2036 1005 2099 concrescunt,
1040 2032 1134 2084 ubi
1169 2049 1396 2101 corpora
1429 2033 1604 2087 multa
1637 2033 1870 2088 volando

324 2106 429 2161 hoc
466 2122 661 2175 supero
696 2107 753 2159 in
788 2107 923 2161 caeli
960 2109 1138 2176 spatio
1173 2109 1352 2161 coiere
1386 2113 1616 2177 repente

324 2184 615 2251 asperiora,
652 2184 819 2237 moris
855 2200 997 2251 quac
1030 2183 1244 2251 possint
1278 2184 1602 2253 indupedita

322 2259 536 2327 exiguis
572 2263 759 2313 tamen
794 2260 942 2314 inter
977 2277 1035 2313 se
1071 2276 1391 2328 comprensa
1426 2262 1614 2314 teneri.

323 2334 458 2389 hacc
492 2335 702 2390 faciunt
736 2337 973 2406 primum
1007 2353 1204 2405 parvas
1238 2337 1535 2391 consistere
1570 2337 1773 2403 nubcs;
1953 2355 2026 2393 455

323 2411 453 2464 inde
488 2411 624 2466 hacc
659 2413 1058 2483 comprendunt
1092 2413 1241 2467 inter
1276 2429 1335 2466 se
1370 2429 1578 2482 conque
1613 2418 1916 2482 gregantur

325 2492 383 2542 et
418 2489 795 2557 coniungendo
829 2494 1082 2543 crescunt
1116 2489 1405 2557 ventisque
1438 2490 1691 2544 feruntur

324 2581 496 2632 usque
532 2564 670 2619 adeo
707 2566 881 2620 donec
914 2569 1218 2636 tempestas
1255 2582 1416 2620 saeva
1450 2570 1705 2621 coortast.

326 2642 391 2696 fit
426 2659 643 2711 quoquc
680 2642 763 2696 uti
799 2644 999 2697 montis
1032 2643 1210 2697 vicina
1243 2642 1520 2697 cacumina
1554 2645 1703 2698 caelo

326 2735 493 2787 quani
519 2719 627 2772 sint
653 2736 870 2789 quoque
894 2720 1082 2787 magis,
1106 2722 1264 2773 tanto
1288 2720 1458 2788 magis
1483 2720 1637 2774 edita
1657 2720 1870 2775 fument
1955 2736 2028 2775 460

326 2794 557 2849 adsidue
593 2796 783 2850 furvae
817 2795 979 2849 nubis
1013 2796 1243 2863 caligine
1277 2812 1459 2851 crassa
1648 2813 1654 2820 ·

329 2876 625 2942 propterea
662 2873 803 2941 quia,
840 2889 961 2926 cum
999 2873 1304 2927 consistunt
1338 2872 1526 2927 nubila
1559 2873 1812 2943 primum,

328 2952 456 3002 ante
492 2948 681 3002 videre
717 2948 860 3002 oculi
894 2964 1059 3017 quam
1093 2949 1318 3017 possint,
1355 2950 1550 3016 tenvia,
1585 2949 1735 3003 venti

329 3028 616 3094 portantes
651 3029 856 3093 cogunt
890 3024 961 3078 ad
998 3041 1209 3079 summa
1242 3026 1524 3079 cacumina
1559 3026 1772 3079 montis.

329 3100 421 3155 hic
455 3101 676 3155 demum
712 3103 779 3156 fit
812 3101 895 3155 uti
930 3102 1094 3155 turba
1127 3102 1334 3155 maiore
1369 3104 1556 3155 coorta
1959 3117 2030 3157 4⁸5

330 3181 391 3231 et
424 3177 695 3232 condensa
731 3183 935 3247 queant
968 3194 1240 3248 apparere
1276 3183 1334 3233 et
1370 3178 1529 3233 simul
1565 3178 1684 3246 ipso
