2259 3550
294 111 408 170 184
1082 115 1176 172 VI

188 239 270 272 ton
286 229 382 268 aer
416 231 451 270 a
483 218 641 284 tergo
676 218 833 284 quasi
868 217 1137 285 provehat
1169 221 1340 288 atque
1373 217 1659 288 propellat.

284 306 505 360 semper
538 290 683 346 enim
718 291 1135 361 circumpositus
1169 309 1260 348 res
1295 294 1552 348 verberat
1583 311 1714 361 εει-ς

284 367 385 420 sed
419 366 517 420 tali
556 366 619 420 fit
654 369 737 422 uti
770 368 1044 438 propellat
1078 374 1329 439 tempore
1363 370 1580 436 ferrum,

284 447 444 513 parte
480 443 627 512 quod
662 461 731 499 ex
766 462 877 500 una
913 447 1150 515 spatium
1185 451 1344 502 vacat
1378 451 1437 502 et
1470 449 1619 517 capit
1651 448 1709 500 in
1745 463 1826 502 se.
1917 463 2032 504 1000

186 536 270 570 1⁰³⁰
285 521 387 586 hic,
422 520 527 574 tibi
561 537 725 589 quem
762 538 1017 589 memore,
1053 540 1155 591 per
1188 524 1384 578 crebra
1417 524 1684 579 foramina
1717 525 1860 578 ferri

286 615 482 668 parvas
516 597 589 652 ad
624 599 797 668 partis
834 599 1114 654 subtiliter
1148 600 1454 656 insinuatus

286 676 465 730 trudit
499 679 558 730 et
591 675 821 745 inpellit,
861 677 1018 746 quasi
1052 693 1248 731 navem
1283 678 1511 747 velaque
1543 680 1758 732 ventus.

186 766 274 800 10³4
289 751 527 821 denique
562 769 651 806 res
688 769 877 808 omnes
913 752 1121 807 debent
1155 754 1213 808 in
1247 771 1476 823 corpore
1509 754 1712 809 habere

287 845 429 896 aera,
466 829 908 898 quandoquidem
944 847 1071 884 raro
1106 834 1236 885 sunt
1269 848 1498 900 corpore
1533 835 1593 886 et
1623 847 1720 885 aer
1911 845 2028 885 1035

288 906 539 960 omnibus
572 909 660 960 est
696 905 861 960 rebus
896 907 1267 962 circumdatus
1301 908 1706 978 adpositasque.

289 981 375 1036 hie
408 982 592 1051 igitur,
630 983 847 1052 penitus
882 985 977 1053 qui
1010 984 1069 1038 in
1102 985 1306 1039 ferrost
1339 983 1562 1038 abditus
1595 1001 1706 1053 aer,

289 1059 517 1114 sollicito
554 1063 709 1114 motu
744 1076 961 1128 semper
994 1060 1236 1114 iactatur
1271 1077 1446 1130 eoque

290 1134 547 1190 verberat
582 1136 819 1190 anellum
854 1136 1023 1190 dubio
1056 1137 1245 1204 procul
1281 1141 1342 1192 et
1375 1137 1486 1192 ciet
1517 1137 1667 1191 intus

292 1212 525 1268 scilieet:
562 1213 656 1266 ille
688 1213 881 1266 eodem
917 1213 1093 1268 fertur
1126 1229 1236 1282 quo
1271 1212 1658 1282 praecipitavit
1912 1228 2024 1268 101⁰

290 1289 399 1343 iam
434 1289 602 1344 semel
638 1293 697 1344 et
730 1293 945 1359 partem
980 1290 1037 1343 in
1074 1306 1300 1345 vacuam
1333 1289 1615 1343 conamina
1649 1293 1900 1359 sumpsit.

364 1366 456 1420 Fit
491 1383 709 1436 quoque
742 1369 807 1420 ut
842 1384 877 1419 a
910 1366 1093 1436 lapide
1128 1365 1231 1421 hoc
1265 1365 1398 1420 ferri
1432 1369 1630 1420 natura
1663 1365 1893 1420 recedat

289 1443 586 1511 interdum,
622 1443 813 1511 fugere
846 1447 1013 1512 atque
1048 1442 1200 1510 sequi
1237 1446 1496 1498 consueta
1528 1442 1776 1496 vicissim.

294 1520 545 1574 exultare
582 1520 749 1574 etiam
788 1519 1163 1575 Samothracia
1194 1520 1376 1574 ferrea
1409 1519 1523 1573 vidi

294 1600 353 1652 et
388 1599 637 1650 ramenta
673 1597 835 1650 simul
867 1596 999 1650 ferri
1032 1595 1216 1650 furere
1249 1596 1398 1650 intus
1431 1595 1620 1650 ahenis
1911 1611 2018 1651 1045

292 1674 350 1726 in
386 1671 632 1740 scaphiis,
666 1673 807 1742 lapis
840 1672 929 1727 hic
966 1673 1196 1740 Magnes
1231 1689 1352 1727 eum
1389 1671 1644 1726 subditus
1677 1676 1848 1728 esset:

293 1765 466 1819 usque
500 1749 639 1803 adeo
674 1750 867 1817 fugere
900 1749 971 1803 ab
1006 1765 1138 1803 saxo
1171 1749 1380 1819 gestire
1414 1747 1652 1803 videtur.

293 1843 421 1881 aere
454 1825 777 1894 interposito
813 1826 1087 1880 discordia
1120 1830 1280 1881 tanta
1315 1828 1534 1881 creatur

294 1905 591 1973 propterea
626 1902 755 1972 quia
788 1902 1042 1957 nimirum
1078 1904 1232 1974 prius
1267 1906 1454 1956 aestus
1487 1901 1585 1956 ubi
1619 1902 1761 1956 aeris

295 1979 577 2049 praecepit
610 1980 853 2048 ferrique
888 1979 1003 2033 vias
1036 1979 1286 2048 possedit
1320 1982 1556 2047 apertaS,
1914 1993 2018 2033 1050

296 2056 570 2126 posterior
604 2056 803 2127 lapidis
834 2056 987 2111 venit
1022 2059 1208 2111 aestus
1242 2059 1302 2111 et
1337 2055 1518 2109 omnia
1551 2055 1714 2125 plena

295 2133 503 2187 invenit
538 2132 594 2187 in
630 2134 777 2187 ferro
810 2150 989 2201 neque
1025 2132 1194 2187 habet
1229 2149 1339 2201 qna
1371 2135 1561 2187 tranet
1593 2136 1658 2187 ut
1693 2135 1836 2187 ante.

296 2210 513 2279 cogitur
548 2210 811 2264 offensare
846 2209 1014 2278 igitur
1047 2210 1374 2277 pulsareque
1408 2207 1582 2263 fluctu

296 2287 477 2341 ferrea
512 2289 668 2340 texta
704 2302 830 2351 suo;
866 2302 975 2353 quo
1008 2289 1174 2354 pacto
1211 2284 1424 2354 respuit
1456 2283 1528 2338 ab
1565 2301 1624 2339 se

298 2366 465 2430 atque
487 2379 587 2431 per
609 2380 703 2417 aes
727 2363 917 2431 agitat,
943 2362 1060 2415 sine
1083 2378 1150 2415 eo
1173 2360 1324 2431 quod
1348 2376 1512 2429 saepe
1535 2360 1798 2414 resorbet.
1915 2374 2015 2414 1055

371 2439 521 2493 Illud
553 2439 611 2492 in
648 2439 733 2493 his
767 2438 934 2493 rebus
967 2438 1156 2493 mirari
1191 2437 1369 2504 mitte,
1407 2436 1555 2505 quod
1593 2440 1779 2490 aestus

298 2532 408 2570 non
440 2516 588 2569 valet
624 2532 654 2569 e
690 2514 872 2585 lapide
907 2514 1009 2569 hoe
1043 2515 1178 2568 alias
1213 2513 1497 2583 impellere
1531 2512 1668 2567 item
1704 2528 1807 2567 res,

300 2592 542 2660 pondere
568 2592 713 2645 enim
736 2592 911 2645 fretae
936 2591 1140 2661 partim
1165 2593 1346 2655 stant3
1369 2588 1518 2659 quod
1538 2605 1711 2657 genus
1733 2603 1958 2653 aurum3

300 2672 360 2722 et
393 2668 596 2737 partim
632 2685 756 2723 raro
792 2670 919 2737 quia
956 2671 1083 2721 sunt
1119 2682 1246 2722 cum
1281 2681 1526 2734 corpore,
1557 2668 1625 2719 ut
1664 2667 1848 2718 aestus

300 2745 548 2813 pervolet
581 2746 833 2811 intactus,
871 2747 1155 2813 nequeunt
1188 2742 1440 2812 inpellier
1473 2757 1704 2809 usquam
1719 2760 1734 2806 3
1915 2755 2014 2795 1000

299 2822 480 2890 lignea
514 2822 771 2875 materies
806 2822 863 2875 in
897 2838 1007 2889 quo
1040 2836 1245 2889 genere
1281 2835 1402 2873 esse
1436 2816 1672 2872 videtur.

298 2900 681 2966 interutraque
715 2898 886 2966 igitur
920 2898 1053 2951 ferri
1086 2899 1286 2950 natura
1319 2894 1498 2949 locata

301 2975 444 3028 aeris
478 2974 573 3027 ubi
608 2975 819 3042 accepit
855 2974 1125 3041 quaedam
1161 2971 1498 3039 corpuscula,
1533 2973 1653 3023 tum
1690 2970 1770 3035 fit,

300 3049 567 3116 inpellant
601 3052 665 3102 ut
699 3066 821 3103 eam
858 3049 1140 3116 Magnesia
1175 3046 1400 3099 flumine
1435 3062 1582 3099 saxa.

300 3139 401 3177 nee
436 3127 619 3177 tamen
653 3123 789 3178 haee
822 3126 903 3177 ita
937 3127 1062 3176 sunt
1098 3122 1326 3175 aliarum
1361 3138 1548 3175 rerum
1583 3120 1770 3185 aliena,
1916 3133 2014 3175 1005

302 3201 366 3251 ut
401 3198 529 3251 mihi
567 3199 739 3251 multa
771 3214 965 3267 parurn
1000 3214 1203 3266 genere
1239 3214 1306 3249 ex
1343 3197 1446 3249 hoc
1483 3195 1908 3265 suppeditentur
