2259 3550
29 1850 178 1987 &aa

269 115 302 169 2
1113 107 1126 161 l

265 236 374 289 quo
409 219 582 284 magis
617 221 900 270 aeternum
937 215 1012 268 da
1047 215 1225 282 dictis,
1261 213 1403 279 diva,
1440 214 1694 282 leporem.

265 296 417 350 effice
451 299 513 348 ut
549 294 759 346 interea
795 293 909 345 sera
945 308 1199 346 moenera
1236 290 1447 344 militiai

265 384 366 434 per
400 369 569 420 maria
603 384 666 420 ac
703 374 878 421 terras
915 369 1088 420 omnis
1124 367 1303 436 sopita
1337 367 1630 434 quiescant.
1924 379 1975 419 30

266 460 391 496 nam
429 448 490 496 tu
527 444 641 497 sola
676 448 833 512 potes
871 444 1170 510 tranquilla
1205 459 1337 512 paee
1373 444 1557 496 iuvare

267 520 528 588 mortali&
566 519 820 588 quoniam
859 518 986 571 belli
1025 520 1142 572 fera
1177 535 1431 572 moenera
1468 519 1688 572 Mavors

266 595 601 664 armipotens
635 596 796 662 regit,
835 595 890 647 in
927 595 1197 662 gremium
1235 594 1329 663 qui
1366 611 1529 663 saepe
1568 603 1723 648 tuum
1760 610 1820 648 se

268 673 426 725 reicit
461 675 688 726 aeterno
725 671 973 725 devictus
1011 672 1233 724 vulnere
1270 671 1470 724 amoris

268 752 435 818 atque
471 749 551 802 ita
586 748 886 817 suspiciens
922 749 1088 803 tereti
1124 748 1336 801 cervice
1372 754 1593 816 reposta
1928 757 1977 798 35

268 825 443 894 pascit
479 841 664 878 amore
699 825 888 878 avidos
923 824 1139 877 inhians
1174 825 1229 876 in
1266 828 1340 890 te,
1377 824 1495 888 dea,
1529 824 1693 888 visus,

270 917 409 970 eque
445 904 542 954 tuo
577 901 783 968 pendet
819 901 1062 969 resupini
1101 901 1329 969 spiritus
1364 917 1473 955 ore.

271 977 412 1030 hune
446 981 524 1044 tu,
561 977 704 1044 diva,
739 980 836 1030 tuo
872 976 1223 1030 recubantem
1262 992 1487 1044 corpore
1523 979 1711 1028 sancto

269 1053 594 1107 circumfusa-
629 1069 804 1120 super,
841 1053 1020 1105 suavis
1057 1069 1127 1106 ex
1164 1068 1259 1106 ore
1295 1052 1563 1119 loquellas

269 1130 438 1182 funde
471 1131 668 1196 petens
701 1127 970 1197 placidam
1009 1128 1283 1193 RomaniS,
1320 1128 1536 1194 incluta,
1574 1143 1779 1196 pacem.
1930 1139 1980 1178 40

270 1223 393 1258 nam
431 1221 608 1273 neque
643 1221 741 1257 nos
776 1220 940 1271 agere
976 1204 1076 1258 hoc
1111 1204 1311 1273 patriai
1347 1209 1593 1272 tempore
1630 1203 1815 1270 iniquo

273 1297 556 1351 possumus
592 1296 765 1350 aequo
801 1280 980 1333 animo
1017 1296 1117 1334 nec
1155 1279 1380 1333 Memmi
1419 1280 1565 1333 clara
1598 1293 1841 1348 propago

271 1358 473 1411 talibus
506 1357 563 1409 in
603 1356 764 1410 rebus
799 1356 1070 1409 communi
1107 1355 1268 1409 desse
1304 1356 1479 1409 saluti.

270 1449 428 1482 OMNES
457 1449 572 1480 EMM
605 1449 694 1480 PER
720 1449 774 1480 sb:
801 1448 957 1480 DWUM
984 1447 1182 1480 NATURA
1212 1449 1468 1480 NECEssE'sT

271 1519 540 1552 IMMORTALI
571 1519 697 1550 AEvo
721 1519 892 1550 SUMMA
922 1519 1026 1550 CUM
1053 1519 1175 1550 PACE
1201 1519 1430 1551 FRUATUR
1936 1519 1983 1557 45

271 1585 458 1618 SEMOTA
477 1587 544 1618 AB
570 1585 765 1618 NOSTnls·
790 1585 945 1616 REBUS
971 1585 1310 1623 SEIUNCTAQUE
1338 1585 1496 1618 LONGE

273 1653 380 1685 NAM
405 1653 609 1685 PRIVATA
639 1653 862 1686 DOLOREM
888 1653 1010 1690 onim
1040 1653 1252 1685 PRIVATA
1278 1653 1488 1686 Pssmcms

270 1722 378 1755 IPSA
405 1722 510 1754 suts
539 1723 742 1754 POLLENS
769 1722 940 1754 OPIBUS
968 1722 1114 1754 NIHIL
1138 1721 1315 1753 INDIGA
1342 1722 1508 1756 NOSTm

274 1789 368 1822 NEC
398 1789 523 1821 BENE
549 1789 840 1822 PROMERPMS
859 1790 1069 1823 CAPITUR
1095 1790 1189 1822 NEC
1210 1791 1459 1824 TANGITUR
1483 1792 1566 1825 IRA
1617 1767 1621 1771 ⁴

1093 1844 1121 1870 ἐς

316 1885 424 1939 uod
461 1888 724 1954 superest,
759 1902 954 1940 vacuas
989 1886 1138 1938 auris
1174 1886 1523 1955 animumque
1560 1904 1807 1957 sagacem
1936 1903 1984 1943 50

277 1966 544 2016 semotum
582 1979 616 2015 a
650 1963 794 2016 curis
829 1961 1033 2016 adhibe
1069 1979 1255 2016 veram
1292 1962 1364 2015 ad
1400 1964 1683 2029 rationem,

277 2055 344 2092 ne
380 2055 504 2092 mea
539 2038 682 2091 dona
717 2037 820 2091 tibi
855 2038 1039 2093 studio
1076 2038 1323 2106 disposta
1359 2039 1525 2103 fideli,

273 2114 555 2169 intellecta
589 2114 738 2182 prius
775 2132 938 2184 quam
975 2116 1098 2182 sint,
1136 2118 1453 2183 contempta
1489 2117 1773 2185 relinquas.

229 2204 401 2278 gnam
438 2190 540 2244 tibi
579 2191 649 2243 de
686 2208 896 2244 summa
930 2191 1067 2245 caeli
1103 2190 1314 2244 ratione
1352 2192 1625 2259 deumque

21 2266 226 2333 pm,
278 2268 550 2321 disserere
585 2268 840 2337 incipiam
877 2271 935 2322 et
969 2284 1152 2321 rerum
1190 2267 1489 2335 primordia
1524 2268 1775 2336 panda-m,
1938 2284 1987 2321 55

281 2345 426 2398 unde
461 2345 636 2398 omnis
671 2348 867 2399 natura
879 2348 1053 2398 ,creet
1088 2360 1177 2397 res
1214 2347 1399 2398 auctet
1430 2344 1653 2412 alatque

279 2438 454 2491 quove
490 2421 683 2475 eadem
719 2438 934 2475 rursum
971 2424 1170 2475 natura
1204 2423 1491 2489 perempta
1526 2420 1777 2487 resolvat,

279 2514 421 2567 quae
457 2514 557 2551 nos
591 2498 877 2551 materiem
913 2500 970 2551 et
1005 2497 1265 2565 genitalia
1300 2513 1526 2565 corpora
1559 2498 1723 2551 rebus

279 2573 568 2627 reddunda
601 2574 656 2626 in
693 2575 903 2627 ratione
937 2590 1132 2626 vocare
1168 2578 1226 2627 et
1263 2574 1469 2627 semina
1504 2589 1687 2627 rerum

279 2650 553 2718 appellare
589 2654 808 2702 suemus
843 2652 902 2702 et
936 2649 1070 2701 haec
1105 2649 1298 2701 eadem
1336 2664 1599 2717 usurpare
1940 2664 1989 2703 eo

281 2742 509 2794 corpora
542 2724 734 2793 prima,
773 2724 919 2793 quod
955 2741 1024 2777 ex
1060 2724 1169 2776 illis
1206 2727 1333 2777 sunt
1369 2724 1551 2777 omnia
1584 2723 1790 2793 primis,

25 2808 42 2840 ‘·
60 2797 309 2857 wcwssr'»
354 2802 610 2855 Humana
646 2803 776 2855 ante
810 2800 992 2853 oculos
1027 2798 1189 2853 foede
1224 2814 1346 2852 cum
1381 2800 1497 2853 vita
1530 2800 1735 2855 iaceret

27 2882 183 3008 Q}

16 2994 224 3119 ’ῗὲνΓζ

282 2880 339 2933 in
373 2877 537 2931 terris
572 2893 833 2945 oppressa
866 2876 1019 2944 gravi
1057 2874 1159 2929 sub
1196 2875 1458 2943 religione

208 2959 226 2964 “
285 2972 424 3023 quae
459 2956 624 3022 caput
659 2970 692 3007 a
726 2953 862 3007 caeli
896 2952 1211 3021 regionibus
1246 2951 1573 3007 ostendebat

283 3029 530 3084 horribili
567 3046 732 3099 super
766 3034 992 3098 aspectu
1025 3028 1346 3082 mortalibus
1380 3029 1603 3095 instanS,
1942 3044 1991 3085 66

16 3108 262 3171 luva-v·
285 3109 518 3177 primum
559 3106 758 3161 Graius
791 3106 954 3160 homo
989 3105 1235 3159 mortalis
1270 3106 1464 3159 tollere
1499 3108 1691 3159 contra

49 3180 248 3227 W
270 3188 372 3237 'cst
409 3184 591 3237 oculos
629 3200 792 3236 ausus
829 3182 1147 3251 primusque
1184 3182 1451 3236 obsistere
1486 3186 1689 3247 contra,
