2259 3550
183 103 256 160 18
1026 101 1060 158 I
1709 173 1769 222 ἲ
1778 151 1970 230 ”1337

177 203 386 258 scilicet
419 219 490 256 ex
525 202 674 256 nulla
709 201 889 256 facere
924 202 986 255 id
1020 203 1064 256 si
1103 204 1261 272 parte
1300 205 1601 270 reposcent,
1720 229 1849 272 <Ma
1873 212 2036 273 ΜΗ

177 279 390 334 occidet
425 278 496 332 ad
531 278 700 332 nilum
737 277 992 332 nimirum
1027 278 1277 332 funditus
1312 278 1479 331 ardor
1760 277 1889 350 q
1882 288 2084 354 pum,

175 357 350 409 omnis
386 359 444 409 et
479 371 506 408 e
540 355 650 408 nilo
688 354 824 408 fient
859 372 1237 424 quaecumque
1272 357 1541 408 creantur.
1664 360 1706 401 r
1684 305 1990 444 ξιζᾋῖνίῦ
2016 341 2129 441 ίὼι

176 448 303 485 nam
339 431 723 500 quodcumque
759 431 872 484 suis
907 435 1182 486 mutatum
1218 431 1417 484 finibus
1452 432 1583 497 exit,
1739 451 1756 454 -
1942 425 2173 502 ‘effla

173 509 431 561 continuo
467 506 568 560 hoc
603 523 750 560 mors
785 511 872 560 est
907 507 1052 560 illius
1089 506 1241 576 quod
1276 506 1382 560 fuit
1416 509 1563 562 ante.
1698 493 1872 577 (ΜΨ
1875 516 1925 575 >5
1930 478 2050 561 57
2047 510 2129 575 ’7,ι

174 583 404 652 proinde
439 583 634 650 aliquit
671 599 928 652 superare
964 599 1185 638 necesse
1220 587 1308 637 est
1343 582 1611 638 incolume
1646 583 1847 656 ollis,“
1853 593 1967 640 f}
1956 551 2107 670 Ljff
2107 592 2151 615 ³

173 676 244 713 ne
281 659 384 714 tibi
420 676 508 712 res
547 658 777 712 redeant
811 659 884 712 ad
919 659 1089 713 niliun
1125 659 1376 713 funditus
1410 676 1599 714 omnes
1663 711 1667 715 .
1706 707 1712 714 .
1749 722 1791 734 .„
1785 663 1901 732 ῖς]
1899 657 1908 666 ’
1935 670 1955 704 7
1974 709 2082 768 “J

173 735 244 789 de
283 735 502 805 niloque
539 741 730 789 renata
765 735 1007 802 vigescat
1043 736 1199 803 copia
1233 752 1433 790 rerum.
1661 741 1781 794 ir»
1786 721 2019 807 ,ξμξᾲῆ
2108 706 2181 763 s

173 827 314 864 nunc
347 812 518 880 igitur
552 811 808 880 quoniam
845 811 1149 865 certissima
1183 827 1411 880 corpora
1445 809 1715 880 quaedam
1816 826 1889 864 675
1913 807 1953 847 ‘s
1910 763 2131 850 ⁶⁴0st
2119 830 2163 844 ν
2146 822 2207 877 f)

173 891 302 941 sunt
337 905 479 956 quae
515 892 837 941 conservant
873 893 1126 940 naturam
1165 904 1381 956 semper
1416 888 1664 955 eandem,
1925 895 1941 908 ²

172 980 403 1031 quorum
439 963 594 1017 abitu
629 967 726 1018 ant
761 963 916 1016 aditu
950 968 1272 1031 mutatoque
1308 963 1500 1018 ordine
1535 968 1752 1019 mutant

173 1042 426 1093 naturam
463 1056 553 1093 res
589 1045 648 1093 et
683 1045 1010 1092 convertunt
1047 1057 1277 1108 corpora
1312 1057 1447 1106 sese,

173 1116 312 1169 scire
347 1115 475 1168 licet
512 1132 620 1169 non
659 1131 779 1169 esse
816 1114 950 1168 haec
985 1116 1146 1183 ignea
1182 1132 1412 1184 corpora
1449 1133 1649 1170 rerum.

175 1191 248 1244 nil
285 1191 519 1245 referret
555 1191 699 1244 enim
735 1191 1004 1258 quaedam
1042 1190 1326 1257 decedere,
1363 1192 1533 1260 abire,
1807 1207 1883 1246 080

173 1271 341 1336 atque
377 1267 483 1321 alia
517 1266 778 1332 adtribui,
815 1267 1128 1336 mutarique
1165 1268 1358 1321 ordine
1394 1268 1679 1336 quaedam,

172 1343 217 1396 si
257 1349 441 1396 tamen
477 1343 690 1396 ardoris
727 1347 980 1396 naturam
1016 1350 1213 1397 cuncta
1248 1347 1532 1409 tenerent3

174 1421 313 1488 ignis
351 1421 496 1473 enim
530 1419 674 1473 foret
710 1419 1034 1472 omnimodis
1071 1419 1455 1488 quodcumque
1490 1422 1757 1474 crearent.

171 1512 374 1564 verum,
397 1501 462 1548 ut
485 1497 687 1563 opinor,
713 1497 769 1548 it·
759 1501 870 1550 ist:
899 1500 1024 1549 sunt
1048 1495 1318 1564 quaedam
1343 1511 1571 1564 corpora
1592 1511 1885 1584 quorum

173 1588 465 1625 concursus
501 1575 682 1624 motus
719 1571 854 1624 ordo
891 1572 1138 1638 positura
1174 1572 1389 1643 figurae
1814 1581 1950 1632 0859
1981 1615 2115 1625 ...-

176 1647 416 1701 efficinnt
453 1647 605 1714 igniS‚
642 1652 966 1736 mutatoque
1004 1647 1197 1701 ordine
1232 1651 1448 1701 mutant
1653 1611 1981 1722 nablum?

175 1727 426 1777 naturam
465 1739 642 1791 neque
681 1730 809 1777 sunt
846 1724 955 1791 igni
995 1724 1249 1778 simulata
1282 1740 1463 1793 neque
1498 1722 1593 1778 ulli

173 1805 458 1869 praeterea
493 1800 573 1851 rei
609 1816 749 1867 quae
785 1816 1012 1868 corpora
1046 1800 1273 1855 mittere
1307 1802 1481 1869 possit
1655 1758 2024 1905 m

173 1876 421 1929 sensibus
454 1879 512 1929 et
549 1880 762 1928 nostros
799 1876 1018 1930 adiectu
1054 1883 1283 1943 tangere
1321 1880 1516 1930 tactus.
1604 1883 1609 1889 “

243 1952 439 2005 Dicere
476 1968 637 2019 porro
675 1951 856 2019 ignem
895 1968 984 2005 res
1019 1953 1196 2005 omnis
1231 1969 1351 2006 esse
1388 1969 1566 2020 neque
1600 1952 1767 2006 ullam
1814 1966 1889 2006 690

173 2044 286 2081 reni
325 2044 507 2081 veram
544 2027 600 2079 in
635 2044 861 2081 numero
898 2044 1082 2081 rerum
1118 2035 1368 2081 constare
1403 2028 1505 2080 nisi
1541 2028 1738 2095 ignem,

175 2103 322 2171 quod
357 2103 488 2157 facit
524 2103 611 2156 hic
647 2103 808 2167 idem,
845 2104 1179 2171 perdelirum
1217 2120 1338 2157 esse
1375 2104 1609 2157 videtur.

176 2196 298 2233 nam
334 2184 524 2233 contra
559 2196 750 2232 sensus
785 2178 855 2231 ab
893 2178 1141 2232 sensibus
1178 2180 1295 2247 ipse
1333 2182 1602 2247 repugnat

175 2262 233 2309 ct
268 2256 564 2309 labefactat
600 2272 706 2321 eos,
744 2256 891 2309 unde
929 2256 1110 2309 omnia
1145 2256 1360 2309 credita
1395 2255 1654 2324 pendent,

177 2332 321 2385 unde
357 2332 442 2385 hic
478 2332 726 2400 cognitus
762 2338 850 2385 est
887 2332 990 2401 ipsi
1027 2348 1192 2400 quem
1229 2332 1474 2385 nominat
1509 2332 1703 2399 ignem.

175 2408 352 2463 credit
388 2410 532 2463 enim
570 2426 761 2462 sensus
799 2410 978 2477 ignem
1017 2424 1345 2477 cognoscere
1379 2424 1527 2472 vere,
1756 2344 1938 2480 Μέῗῄ
1964 2373 2085 2436 ἆλ
2095 2409 2129 2433 “

175 2490 359 2538 cetera
395 2502 500 2537 non
537 2484 729 2550 credit,
768 2501 910 2554 quae
945 2484 1056 2538 nilo
1093 2485 1238 2537 clara
1273 2486 1453 2537 minus
1490 2487 1635 2538 sunt.
1735 2468 1878 2559 §VW
1935 2498 2031 2531 ιω-

175 2560 324 2628 quod
361 2561 493 2613 mihi
528 2576 650 2613 cuin
687 2577 884 2614 vanum
921 2564 1040 2613 tum
1077 2559 1312 2613 delirum
1348 2576 1469 2613 esse
1506 2559 1738 2614 videtur.
1776 2570 1915 2621 [42
1922 2542 2091 2611 “n-lr

176 2652 284 2704 qno
320 2636 620 2688 referemus
657 2636 835 2689 enimi
873 2635 1010 2703 quid
1045 2635 1203 2688 nobis
1239 2636 1443 2689 certius
1478 2635 1610 2703 ipsis
1792 2678 1842 2713 st
1860 2678 1910 2703 a
1938 2650 2099 2691 ,μυ

175 2711 424 2765 sensibus
459 2726 578 2764 esse
613 2716 813 2779 potest,
849 2711 945 2779 qui
981 2727 1111 2764 vera
1145 2727 1209 2763 ac
1244 2710 1381 2763 falsa
1416 2711 1699 2764 notemus?
1815 2724 1887 2763 700

174 2791 464 2857 praeterea
499 2802 668 2856 quare
705 2786 993 2855 quisquam
1030 2786 1204 2854 magis
1238 2786 1417 2839 omnia
1452 2784 1609 2839 tollat

177 2866 236 2917 et
268 2862 402 2917 velit
439 2863 649 2917 ardoris
685 2866 938 2916 naturam
974 2862 1222 2931 linquere
1258 2861 1441 2927 solam,

177 2956 339 3008 quam
375 2942 544 3007 neget
579 2955 698 2993 esse
734 2939 889 3007 ignis,
924 2938 1156 3007 quidvis
1190 2942 1375 2991 tamen
1410 2954 1529 2991 esse
1564 2936 1871 3005 relinquat?

177 3030 354 3083 aequa
389 3014 608 3069 videtur
645 3013 790 3067 enini
827 3014 1104 3069 dementia
1142 3014 1325 3068 dicere
1362 3018 1671 3081 utrumque.

249 3090 595 3160 Quapropter
630 3091 724 3159 qui
758 3092 1042 3145 materiem
1078 3106 1263 3143 rerum
1300 3105 1421 3143 esse
1456 3092 1720 3159 putarunt
1816 3103 1889 3143 705

176 3166 359 3233 ignem
397 3169 564 3235 atque
599 3182 666 3221 ex
705 3166 814 3233 igni
852 3182 1116 3219 suminam
1153 3164 1449 3219 consistere
1484 3182 1657 3234 posse,
