2259 3550
208 87 319 144 166
1002 90 1097 146 VI

202 191 413 245 fervida
448 193 513 246 fit
546 193 703 260 glans
739 195 797 248 in
833 211 1012 262 cursu,
1046 212 1170 250 cum
1207 196 1381 250 mult-a
1416 196 1616 265 rigoris

201 284 431 336 corpora
465 268 750 322 dimittens
785 271 967 338 ignem
1000 273 1252 341 concepit
1285 271 1342 326 in
1375 274 1539 328 auris.

204 344 269 397 fit
302 360 519 412 quoque
554 349 619 398 ut
654 345 825 414 ipsius
860 345 1055 415 plagae
1090 347 1174 400 vis
1209 349 1416 402 excitet
1447 349 1646 420 ignem,

198 420 399 488 frigida
432 437 555 473 cum
592 421 741 474 venti
776 422 989 492 pepulit
1021 423 1105 476 vis
1139 424 1306 478 missa
1339 425 1455 480 sine
1487 425 1618 493 igni,
1838 443 1916 484 310

200 496 453 550 nimirum
487 498 637 565 quia,
666 513 791 551 cum
826 498 1064 553 vementi
1100 499 1337 568 perculit
1371 500 1503 566 ictu,

198 571 471 628 confluere
505 590 575 628 cx
609 576 732 643 ipso
766 577 998 643 possunt
1031 574 1306 630 elementa
1341 579 1556 644 vaporis

198 652 257 702 et
291 648 451 703 simul
488 666 558 704 ex
592 651 687 704 illa
722 667 865 719 quae
897 653 1019 706 tum
1054 667 1145 704 res
1179 652 1389 722 excipit
1421 652 1592 708 ictum
1609 676 1623 719 ;

196 728 273 789 ut,
307 724 547 794 lapidem
581 727 729 782 ferro
763 744 887 780 cum
923 727 1219 795 caedimus,
1256 729 1438 782 evolat
1474 729 1631 798 iguis,

198 817 314 867 nec,
345 802 494 871 quod
529 802 734 871 frigida
768 804 852 856 vis
886 803 1090 870 fen-ist,
1126 803 1230 857 hoc
1269 804 1444 859 setius
1477 806 1557 859 illi
1833 821 1913 862 315

196 878 402 932 semina
435 883 768 934 concurrunt
802 879 967 934 calidi
1002 880 1231 948 fulgoris
1265 880 1340 935 ad
1372 881 1558 936 ictum.

196 954 273 1008 sic
306 954 475 1022 igitur
509 972 727 1024 quoque
762 971 854 1010 res
889 956 1115 1010 accendi
1151 956 1380 1012 fulmine
1413 957 1598 1016 debet.

197 1034 505 1100 opportuna
539 1031 645 1084 fuit
680 1031 727 1085 si
760 1031 906 1087 forte
940 1035 1000 1086 et
1034 1031 1234 1086 idonea
1267 1033 1514 1087 flammis.

198 1121 298 1160 uec
334 1110 545 1161 temere
581 1107 798 1160 omnino
833 1107 995 1177 plane
1030 1108 1113 1161 vis
1149 1108 1351 1178 frigida
1385 1110 1536 1164 venti

196 1199 317 1236 csse
352 1187 555 1253 potest,
589 1199 655 1236 ea
690 1200 832 1252 quae
866 1187 1023 1238 tanta
1058 1185 1113 1238 vi
1148 1185 1317 1239 missa
1351 1190 1660 1255 supernest,
1835 1201 1912 1242 ³20

196 1259 345 1327 quin,
378 1259 533 1329 prius
570 1261 625 1314 in
660 1276 825 1314 cursu
859 1260 907 1314 si
941 1276 1049 1314 non
1082 1259 1405 1315 accenditur
1438 1261 1569 1329 igni,

195 1338 255 1388 at
290 1336 566 1404 tepefacta
602 1341 785 1391 tamen
821 1337 1005 1390 veniat
1042 1336 1340 1391 commixta
1373 1336 1568 1391 calore.

267 1411 545 1466 Mobilitas
582 1416 767 1466 autem
804 1412 870 1466 fit
903 1412 1143 1466 fulminis
1179 1415 1239 1466 et
1271 1413 1456 1481 gravis
1490 1412 1649 1480 ictus,

196 1491 258 1541 ct
293 1488 457 1542 celeri
492 1490 665 1542 ferme
702 1492 1029 1557 percurrunt
1064 1488 1290 1542 fulmina.
1324 1489 1496 1558 lapsu,

198 1563 433 1617 nubibus
470 1564 589 1634 ipsa
622 1563 771 1632 quod
807 1565 1022 1618 omnino
1057 1565 1212 1634 prius
1245 1565 1415 1620 incita
1449 1582 1507 1620 se
1544 1567 1626 1620 vis
1831 1581 1910 1621 32⁵

194 1641 401 1709 colligit
436 1645 496 1695 et
532 1657 787 1710 magnum
824 1658 1084 1696 conamen
1120 1641 1291 1696 sumit
1323 1643 1506 1710 cundi,

194 1716 324 1770 inde
359 1717 451 1770 ubi
489 1734 593 1770 non
630 1717 811 1787 potuit
847 1717 1021 1772 nubes
1055 1734 1255 1788 capere
1289 1719 1492 1789 inpetis
1526 1727 1764 1791 auctum,

194 1794 520 1863 exprimitur
559 1794 641 1847 vis
676 1798 845 1863 atque
879 1793 1005 1849 ideo
1040 1795 1188 1849 volat
1223 1795 1431 1866 impete
1469 1797 1628 1865 mim,

192 1874 253 1924 ut
291 1870 486 1925 validis
522 1888 663 1939 quae
699 1869 770 1925 de
805 1872 1096 1925 tormentis
1129 1872 1298 1926 missa
1332 1873 1600 1927 feruutur.

192 1947 337 2001 adde
376 1947 526 2015 quod
562 1964 594 2001 e
632 1947 814 2016 parvis
848 1950 907 2001 ct
939 1947 1152 2001 lcvibus
1185 1952 1272 2002 est
1309 1948 1611 2015 elementis,
1829 1964 1908 2003 sm

192 2040 289 2077 nec
326 2024 539 2077 facilest
575 2024 673 2077 tali
708 2027 937 2077 naturae
975 2024 1242 2092 opsistere
1279 2024 1585 2094 quicquam.

192 2100 337 2154 inter
381 2100 523 2153 enim
562 2100 706 2168 fugit
724 2116 803 2161 ,ac
839 2102 1094 2169 penetrat
1129 2117 1233 2167 pcr
1265 2116 1390 2153 rara
1422 2101 1648 2166 viarum,

194 2193 298 2230 non
338 2176 510 2244 igitur
546 2175 737 2229 inultis
771 2174 1063 2229 offensibus
1096 2175 1154 2228 in
1189 2175 1516 2231 remorando

193 2252 443 2321 haesitat,
482 2252 623 2307 hanc
660 2252 731 2305 ob
763 2268 880 2305 rem
917 2251 1081 2306 celeri
1118 2252 1268 2306 volat
1304 2253 1512 2322 impete
1547 2254 1755 2311 labens.

193 2330 409 2398 deinde,
449 2330 594 2398 quod
633 2330 851 2386 omnino
887 2334 1085 2381 natura
1118 2327 1367 2398 pondera
1403 2329 1658 2385 deorsum
1831 2348 1907 2388 33⁵

193 2406 377 2459 omnia
412 2406 681 2472 nituntur,
716 2421 839 2458 cum
875 2404 1092 2474 plagast
1126 2403 1319 2458 addita
1353 2420 1500 2472 vero,

194 2481 472 2536 mobilitas
508 2481 821 2551 duplicatur
855 2485 913 2535 et
948 2480 1189 2549 impetus
1223 2480 1315 2534 illc
1350 2483 1639 2548 gravescit,

192 2562 255 2612 ut
288 2559 598 2612 vementius
633 2562 693 2612 ct
726 2556 889 2611 citius
923 2573 1302 2625 quaecumque
1337 2562 1622 2612 morantur

191 2634 350 2688 obvia
385 2633 649 2689 discutiat
684 2634 861 2703 plagis
896 2632 1172 2701 itinerque
1209 2636 1487 2701 sequatur.

193 2712 447 2780 denique.
465 2712 615 2780 quod
644 2710 803 2779 longo
838 2710 988 2764 venit
1019 2710 1239 2777 impete,
1275 2726 1492 2764 sumere
1527 2709 1696 2765 debet
1832 2724 1909 2764 ³40

192 2789 559 2843 mobilitatem
596 2787 761 2841 etiam
798 2790 967 2857 atque
1004 2787 1188 2854 etiam,
1224 2802 1366 2855 quae
1399 2788 1600 2842 crescit
1633 2786 1813 2841 eundo

194 2870 253 2919 ct
290 2866 499 2919 validas
535 2867 702 2933 auget
736 2863 866 2918 viris
902 2866 959 2919 et
995 2862 1220 2918 roborat
1255 2863 1439 2917 ictum.

193 2958 317 2994 nam
353 2942 485 2994 facit
521 2944 584 2994 ut
620 2957 763 3008 quae
797 2941 908 2994 sint
943 2939 1087 2992 illius
1124 2939 1332 2993 semina
1367 2956 1601 3008 cumque

190 3034 222 3069 c
256 3018 480 3084 regione
516 3016 694 3070 locum
731 3017 889 3085 quasi
926 3016 981 3067 in
1018 3031 1187 3068 unum
1223 3019 1422 3070 cuncta
1454 3016 1718 3081 ferantur,

194 3093 374 3149 omnia
407 3091 683 3146 coniciens
718 3092 774 3144 in
811 3107 936 3145 eum
974 3091 1246 3145 volventia
1281 3106 1512 3146 cursum.
1619 3139 1624 3145 .
1830 3106 1907 3146 ³4⁵

194 3167 423 3221 forsitan
458 3181 528 3220 ex
564 3167 684 3236 ipso
722 3168 941 3221 veniens
976 3165 1162 3219 trahat
1198 3182 1324 3219 acre
1361 3166 1629 3234 quaedam
