2259 3550
1113 95 1214 153 VI
1902 97 2009 156 167

304 217 535 270 corpora
566 214 709 268 quae
741 195 919 268 plagis
952 199 1254 252 incendunt
1286 197 1663 254 mobilitatem.

302 276 697 344 incolumisque
733 275 882 328 venit
916 291 1019 344 per
1051 291 1143 328 res
1177 277 1345 343 atque
1376 274 1594 344 integra
1625 273 1828 330 transit

304 354 492 421 multa,
527 351 881 406 foraminibus
917 350 1160 420 liquidus
1195 351 1324 419 quia
1358 351 1661 405 transvolat
1691 350 1843 418 ignis,

304 430 586 496 multaque
620 428 858 497 perfigit‚
896 444 1019 481 cum
1056 444 1285 496 corpora
1318 427 1559 482 fulminis
1593 427 1712 494 ipsa
1940 441 2014 480 350

304 505 624 576 corporibus
660 520 846 557 rerum
879 503 1208 572 inciderunt,
1246 520 1355 573 qua
1389 507 1546 558 texta
1579 507 1849 558 tenentur.

305 581 557 635 dissoluit
590 596 754 649 porro
788 580 949 634 facile
984 597 1079 634 aes
1112 596 1417 646 aurumque
1449 583 1678 648 repente

305 656 708 723 confervefacit,
746 673 779 710 e
812 657 997 726 parvis
1032 657 1164 726 quia
1196 657 1340 710 facta
1373 655 1584 710 minute

305 733 621 803 corporibus
654 733 737 787 vis
772 737 859 787 est
894 737 953 788 et
986 732 1196 786 levibus
1232 750 1302 787 ex
1338 732 1636 799 elementiS,

305 826 446 879 quae
478 808 636 863 facile
669 808 1013 864 insinuantur
1050 813 1109 863 et
1144 809 1424 863 insinuata
1456 810 1688 877 repente
1942 823 2016 862 355

304 885 605 940 dissoluont
638 884 811 939 nodos
846 886 1021 938 omnis
1058 889 1118 940 et
1153 885 1329 939 vincla
1363 885 1629 939 relaxant.

305 965 675 1030 autumnoque
711 961 886 1030 magis
922 961 1097 1016 stellis
1131 960 1472 1030 fulgentibus
1506 962 1638 1029 apta

304 1038 616 1092 concutitur
648 1037 785 1092 caeli
822 1037 1017 1091 domus
1052 1038 1297 1106 undique
1333 1039 1560 1106 totaque
1593 1035 1774 1103 tellus,

306 1116 366 1167 et
399 1130 523 1168 cum
557 1118 807 1184 tempora
840 1130 900 1168 se
934 1115 1079 1169 veris
1114 1114 1368 1168 florentia
1401 1113 1665 1183 pandunt.

303 1189 507 1257 frigore
543 1190 687 1244 enim
724 1189 925 1245 desunt
960 1192 1115 1259 ignes
1154 1192 1416 1260 ventique
1451 1190 1631 1244 calore
1941 1203 2017 1242 aco

303 1265 566 1320 deficiunt
600 1283 780 1336 neque
816 1270 946 1321 sunt
978 1271 1095 1321 tam
1130 1267 1303 1320 denso
1338 1283 1568 1336 corpore
1601 1267 1790 1322 nubes.

302 1341 686 1411 interutraque
721 1342 893 1412 igitur
927 1360 1053 1398 cum
1088 1343 1227 1398 caeli
1261 1347 1513 1412 tempora
1546 1345 1812 1409 constant,

304 1421 425 1472 tum
457 1419 638 1472 variae
671 1435 866 1472 causae
902 1423 1234 1474 concurrunt
1267 1419 1508 1473 fulminis
1540 1435 1742 1473 omnes.

303 1510 431 1546 nam
463 1494 639 1548 fretus
674 1494 793 1564 ipse
827 1495 955 1548 anni
989 1497 1286 1566 permiscet
1318 1495 1494 1564 frigus
1513 1501 1577 1549 et
1610 1498 1838 1563 aestum,

304 1586 535 1638 quorum
548 1574 841 1641 utrumque
856 1588 990 1640 opus
1004 1577 1091 1627 est
1105 1571 1427 1627 fabricanda
1440 1571 1512 1625 ad
1526 1571 1755 1624 fulmina
1768 1572 1916 1640 nubi,
1938 1586 2011 1626 ³65

303 1649 369 1700 ut
404 1646 675 1701 discordia
707 1648 783 1700 sic
816 1665 1001 1702 rerum
1036 1665 1344 1717 magnoque
1378 1647 1618 1704 tumultu

302 1721 521 1791 ignibus
556 1727 615 1779 et
648 1725 825 1779 ventis
859 1725 1189 1781 furibundus
1225 1725 1452 1781 fluctuet
1485 1741 1595 1780 aer.

302 1799 483 1869 prima
516 1800 709 1853 caloris
744 1802 889 1855 enim
924 1820 1053 1872 pars
1089 1807 1149 1858 et
1184 1807 1462 1874 postrema
1494 1802 1704 1872 rigoris,

305 1880 525 1945 tempus
560 1874 621 1929 id
656 1879 743 1930 est
777 1893 1034 1943 vernum3
1070 1896 1240 1947 quare
1276 1897 1520 1949 pugnare
1555 1883 1834 1933 necessest

306 1950 585 2004 dissimilis
622 1968 711 2005 res
745 1953 889 2006 inter
926 1971 985 2008 se
1020 1955 1358 2024 turbareque
1393 1956 1608 2009 mixtas.
1938 1970 2012 2009 3⁹70

304 2029 365 2080 et
399 2026 547 2079 calor
581 2030 865 2081 extremus
899 2030 1075 2099 primo
1112 2047 1240 2083 cum
1272 2031 1478 2099 frigore
1514 2032 1720 2085 mixtus

305 2101 559 2170 volvitur,
597 2104 845 2157 autumni
883 2106 1030 2171 quod
1065 2107 1243 2160 fertur
1277 2106 1495 2160 nomine
1529 2110 1762 2176 tempus,

303 2177 391 2231 hic
428 2194 645 2247 quoque
680 2180 981 2249 confligunt
1015 2181 1223 2236 hiemes
1259 2182 1558 2237 aestatibus
1593 2199 1762 2237 acres.

304 2257 601 2323 propterea
621 2256 785 2320 freta
822 2261 951 2311 sunt
983 2258 1119 2313 haec
1155 2259 1284 2313 anni
1317 2259 1708 2328 nominitanda,

304 2344 405 2381 nec
439 2329 707 2398 mirumst,
743 2332 797 2385 in
834 2350 901 2388 eo
938 2335 984 2389 si
1021 2339 1273 2405 tempore
1307 2335 1542 2405 plurima
1576 2336 1718 2390 fiunt
1941 2349 2012 2389 '³75

303 2404 533 2458 fulmina
566 2409 977 2479 tempestasque
1012 2411 1196 2465 cietur
1230 2410 1452 2465 turbida
1486 2411 1651 2479 caelo,

304 2480 526 2549 ancipiti
562 2483 817 2550 quoniam
853 2485 997 2541 bello
1031 2488 1291 2543 turbatur
1325 2488 1618 2557 utrimque,

304 2556 432 2610 hinc
470 2556 699 2612 flammis
734 2559 884 2617 illinc
920 2564 1099 2619 ventis
1135 2581 1433 2634 umoreque
1471 2565 1656 2618 mixto,
1697 2539 1999 2656 θᾷιὶἐ,
2051 2566 2130 2663 6.

375 2632 496 2686 Hoc
532 2636 619 2687 est
652 2633 869 2701 igniferi
905 2645 1157 2695 naturam
1191 2640 1432 2695 fulminis
1467 2641 1640 2711 ipsam

301 2709 613 2777 perspicere
650 2714 709 2765 et
746 2730 855 2782 qua
888 2717 941 2769 vi
976 2718 1142 2771 faciat
1178 2735 1296 2771 rem
1333 2734 1602 2788 quamque
1637 2664 2211 2823 videi-mc]

302 2800 407 2837 non
445 2784 723 2853 Tyrrhena
758 2794 909 2845 retro
944 2794 1251 2849 volventem
1287 2795 1528 2848 carmina
1562 2795 1768 2846 frustra
1888 2759 2088 2882 Q,

299 2860 504 2915 indicia
538 2864 785 2919 occultae
822 2868 1005 2924 divum
1041 2872 1362 2941 perquirere
1397 2871 1611 2937 mentis,

301 2936 449 2990 unde
483 2938 669 2993 volans
702 2941 845 3009 ignis
880 2948 1194 3016 pervenerit
1229 2951 1326 3002 aut
1359 2947 1418 3001 in
1452 2952 1632 2999 utram
1669 2962 1730 2999 se
1881 2994 1931 3009 ,,
1986 2896 2089 2991 ζ

302 3013 533 3067 verterit
567 3013 693 3070 hinc
727 3022 948 3087 partim,
984 3040 1093 3092 quo
1126 3027 1288 3092 pacto
1323 3040 1424 3093 per
1458 3022 1576 3076 loca
1609 2984 2210 3121 saeptalauw

301 3088 599 3177 insinuarit,
634 3095 695 3146 et
728 3094 855 3151 hinc
890 3098 1204 3153 dominatus
1238 3103 1304 3153 ut
1337 3098 1596 3153 extulerit
1631 3114 1704 3167 se,
1935 3112 2006 3152 sss

301 3162 505 3234 quidve
538 3180 737 3223 nocere
773 3178 942 3241 queat
977 3174 1048 3229 de
1082 3175 1233 3230 caelo
1267 3174 1506 3229 fulminis
1539 3174 1696 3235 ictus.
