2259 3550
1149 125 1210 182 V
1928 129 2037 188 147

298 229 525 285 mittere
560 232 619 284 et
650 228 862 284 utilitas
898 229 1172 298 expressit
1207 229 1434 282 nomina
1460 247 1661 298 rerum,

297 321 405 360 non
442 307 547 359 alia
581 306 743 375 longe
778 307 991 360 ratione
1024 309 1192 374 atque
1228 305 1347 373 ipsa
1381 305 1602 360 videtur
1943 322 2041 360 1030

296 383 622 452 protrahere
658 384 728 436 ad
764 387 983 451 gestum
1017 398 1218 451 pueros
1253 381 1482 434 infantia
1514 383 1747 451 linguae,

296 477 423 513 eum
457 459 589 513 facit
622 463 688 513 ut
721 459 897 528 digito
932 476 1072 527 quae
1108 459 1218 512 sint
1252 459 1566 527 praesentia
1599 461 1918 516 monstrent.

298 537 467 590 sentit
502 537 647 590 enim
684 537 791 589 vim
830 535 1062 605 quisque
1098 551 1252 588 suam
1289 534 1472 602 quoad
1508 536 1680 604 possit
1714 535 1884 591 abuti.

299 628 502 667 cornua
536 615 667 664 nata
700 611 852 680 prius
887 611 1059 664 vitulo
1094 626 1258 677 quam
1294 609 1572 664 frontibus
1607 613 1816 678 ext-eut,

296 686 406 740 illis
440 688 614 742 iratus
648 687 793 756 petit
827 689 997 754 atque
1030 686 1262 740 infestus
1297 686 1533 754 inurget.
1941 703 2039 743 1035

299 768 359 817 at
395 766 563 819 catuli
596 763 989 834 pantherarum
1028 763 1341 830 scymnique
1376 762 1592 815 leonum

297 841 571 908 unguibus
606 857 669 893 ac
704 839 939 908 pedibus
974 838 1082 891 iam
1119 842 1235 891 tum
1275 854 1566 904 morsuque
1601 841 1926 908 repugnant,

298 917 386 969 vix
424 917 591 970 etiam
626 933 748 969 eum
787 918 916 968 sunt
952 914 1150 968 dentes
1187 930 1506 982 unguesque
1542 914 1728 968 creati.

298 993 527 1046 alituum
563 1009 727 1062 porro
762 1009 935 1060 genus
970 991 1077 1049 alis
1106 1007 1268 1044 omne
1301 990 1550 1044 videmus

297 1068 473 1122 fidere
508 1069 568 1123 et
604 1085 637 1122 a
670 1068 852 1138 pinnis
889 1068 1185 1122 tremulum
1221 1070 1415 1135 petere
1450 1066 1786 1121 auxiliatum.
1941 1083 2036 1123 1040

297 1145 527 1213 proinde
563 1149 759 1213 putare
794 1145 1033 1212 aliquem
1070 1147 1190 1197 tum
1225 1143 1446 1196 nomina
1481 1142 1826 1198 distribuisse

296 1221 462 1274 rebus
499 1224 559 1274 et
594 1221 723 1274 inde
758 1221 1003 1290 homines
1040 1220 1299 1272 didicisse
1336 1218 1598 1272 vocabula
1632 1219 1824 1288 prima,

297 1297 619 1366 desiperest.
656 1314 781 1351 nam
818 1313 917 1350 cur
950 1296 1037 1349 hie
1073 1299 1260 1364 posset
1296 1300 1492 1349 cuncta
1527 1299 1719 1349 notare

295 1374 518 1428 vocibus
553 1378 611 1428 et
646 1375 825 1427 varios
862 1374 1071 1426 sonitus
1106 1373 1362 1426 emittere
1397 1371 1624 1439 linguae,

296 1453 545 1519 tempore
569 1451 763 1504 eodem
788 1450 879 1504 alii
903 1449 1082 1503 facere
1105 1449 1162 1501 id
1189 1466 1296 1502 non
1323 1449 1506 1516 quisse
1529 1450 1831 1516 putentur?
1935 1465 2030 1504 1045

296 1530 583 1596 praeterea
620 1527 665 1579 si
702 1543 809 1580 non
845 1526 935 1579 alii
973 1541 1191 1594 quoque
1227 1525 1450 1578 vocibus
1483 1525 1568 1576 usi

296 1605 442 1657 inter
478 1620 536 1657 se
570 1605 804 1669 fuerant,
839 1602 987 1655 unde
1021 1603 1188 1654 insita
1220 1601 1446 1654 notities
1481 1604 1568 1654 est

294 1679 551 1734 utilitatis
587 1683 645 1733 et
679 1679 825 1732 unde
862 1679 993 1732 data
1030 1681 1116 1732 est
1149 1677 1276 1731 huic
1310 1679 1486 1746 prima
1520 1681 1782 1745 potestate,

298 1756 433 1825 quid
468 1757 631 1811 vellet
666 1756 847 1810 faeere
882 1759 948 1809 ut
984 1754 1152 1810 sciret
1186 1754 1474 1823 animoque
1511 1755 1764 1809 videret?

298 1850 493 1902 cogere
527 1834 661 1887 item
696 1833 869 1901 pluris
904 1850 1044 1885 unus
1079 1833 1363 1899 victosque
1401 1831 1624 1884 domare
1929 1848 2023 1885 1050

297 1927 405 1963 non
440 1913 678 1979 poterat,
713 1926 897 1962 rerum
931 1914 996 1961 ut
1031 1908 1346 1978 perdiscere
1380 1908 1601 1960 nomina
1637 1907 1854 1962 vellent.

297 2004 398 2041 nee
433 1988 646 2041 ratione
682 1986 879 2039 docere
916 1985 1027 2037 ulla
1064 1985 1405 2053 suadereque
1443 1984 1638 2046 surdi&

300 2062 435 2131 quid
471 2064 543 2116 sit
577 2079 713 2131 opus
749 2063 909 2129 facto,
944 2061 1186 2125 facilest3
1220 2077 1401 2128 neque
1439 2061 1581 2113 enim
1615 2064 1940 2128 paterentur

300 2155 401 2193 nec
436 2139 651 2192 ratione
688 2138 797 2191 ulla
834 2138 937 2190 sibi
972 2136 1186 2190 ferrent
1223 2136 1454 2203 amplius
1491 2136 1642 2188 auris

300 2215 447 2269 vocis
481 2214 758 2268 inauditos
794 2214 1003 2267 sonitus
1039 2210 1348 2265 obtundere
1385 2212 1604 2265 frustra.
1924 2226 2019 2267 1055

300 2294 580 2359 postremo
616 2288 751 2359 quid
784 2289 843 2342 in
878 2289 981 2342 hae
1015 2287 1264 2341 mirabile
1298 2290 1645 2355 tantoperest
1677 2302 1762 2353 re,

301 2365 345 2418 si
381 2383 555 2434 genus
588 2366 899 2432 humanum,
936 2363 1025 2417 eui
1060 2380 1166 2417 vox
1201 2366 1260 2417 et
1293 2362 1480 2431 lingua
1514 2363 1741 2431 vigeret,

299 2458 401 2509 pro
434 2442 585 2495 vario
621 2458 783 2495 sensu
817 2442 967 2495 varia
1001 2456 1090 2493 res
1127 2456 1260 2493 voce
1297 2441 1550 2493 notaret?

300 2534 423 2571 cum
458 2517 696 2585 pecudes
731 2520 929 2582 mutae,
968 2533 1092 2571 cum
1128 2516 1366 2584 denique
1403 2515 1580 2568 saecla
1615 2515 1853 2570 ferarum

300 2592 579 2647 dissimilis
614 2593 825 2647 soleant
860 2609 1021 2648 voces
1055 2593 1343 2661 variasque
1381 2592 1540 2659 ciere,
1921 2607 2015 2647 1000

300 2687 423 2724 cum
458 2673 638 2724 metus
674 2674 771 2724 aut
805 2670 962 2724 dolor
996 2671 1083 2723 est
1117 2672 1178 2723 et
1211 2686 1335 2723 eum
1371 2669 1478 2721 iam
1522 2666 1724 2737 gaudia
1764 2668 2014 2737 gliscunt.

302 2747 501 2815 quippe
538 2747 740 2801 etenim
776 2747 902 2801 lieet
938 2745 997 2799 id
1034 2746 1200 2799 rebus
1237 2761 1564 2813 cognoscere
1597 2746 1821 2813 apertis,

299 2823 525 2877 inritata
559 2840 754 2877 canum
789 2840 913 2877 eum
948 2824 1186 2889 primum
1222 2838 1422 2889 magna
1459 2821 1758 2875 Molossum

300 2899 483 2952 mollia
516 2899 657 2953 ricta
690 2899 935 2953 fremunt
969 2898 1136 2951 duros
1171 2898 1438 2952 nudantia
1471 2896 1686 2963 dentes,

300 2974 461 3043 longe
495 2975 600 3029 alio
636 2975 817 3038 sonitu
852 2974 1004 3027 rabie
1039 2974 1298 3027 restricta
1331 2973 1626 3039 minantur,
1917 2988 2010 3027 106⁵

301 3053 359 3105 et
394 3068 517 3104 eum
551 3052 660 3105 iam
695 3051 903 3105 latrant
938 3053 997 3103 et
1031 3049 1254 3103 vocibus
1290 3049 1472 3102 omnia
1508 3048 1799 3116 complent.

301 3130 361 3182 et
394 3127 606 3181 catulos
639 3127 842 3182 blande
877 3143 1003 3182 eum
1037 3126 1224 3194 lingua
1255 3124 1518 3178 lambere·
1533 3126 1810 3193 temptant

302 3206 399 3257 aut
432 3203 528 3256 ubi
562 3220 657 3257 eos
692 3202 899 3259 iactant
930 3202 1168 3273 pedibus
1204 3215 1500 3270 morsuque
1533 3202 1788 3270 petentes
