2259 3550
241 119 367 175 174·
1030 116 1128 171 VI

230 224 517 290 praeterea
552 219 712 274 docui
746 220 977 273 multum
1014 235 1232 289 quoque
1266 219 1460 274 tollere
1493 220 1666 274 nubes

228 311 475 350 umorem
508 311 707 363 magno
739 297 1064 364 conceptum
1099 312 1170 349 ex
1207 310 1445 364 aequore
1479 297 1632 365 ponti

231 376 291 426 ct
324 372 529 442 passim
566 374 687 424 toto
722 373 995 425 terrarum
1031 387 1294 441 spargere
1327 371 1384 424 in
1419 371 1553 439 orbi,

232 464 359 502 cum
393 447 534 517 pluit
568 447 623 500 in
661 447 825 502 terris
860 450 920 501 et
954 449 1107 501 venti
1144 448 1332 502 nubila
1365 453 1604 516 portant.
1875 467 1960 507 cao

231 527 507 593 postremo
542 523 799 593 quoniam
833 539 959 577 raro
993 540 1116 578 cum
1155 540 1382 593 corpore
1417 523 1583 578 tellus

232 603 335 666 est,
372 603 431 654 et
464 601 820 663 coniunctast,
856 615 979 652 oras
1014 599 1180 652 maris
1215 599 1461 666 undique
1497 600 1738 668 cingen3‚

234 675 421 742 debet,
455 679 519 729 ut
553 675 611 729 in
646 691 797 729 marc
832 674 906 728 de
942 675 1108 728 terris
1143 675 1295 728 venit
1329 690 1487 728 umor
1520 674 1696 743 aquai,

231 751 288 805 in
322 754 499 806 terras
533 750 727 805 itidem
764 767 984 804 manare
1021 765 1091 804 cx
1126 767 1362 818 aequore
1397 750 1572 814 salso;

232 828 543 898 percolatur
578 827 723 881 enim
757 827 906 882 virus
940 830 1200 895 retroque
1233 830 1484 881 remanat
1875 841 1956 881 ees

232 905 491 958 materies
525 904 731 957 umoris
764 905 825 956 et
859 902 933 956 ad
967 908 1132 971 caput
1169 903 1420 958 amnibus
1453 904 1630 958 omnis

231 979 471 1047 confluit,
507 979 637 1034 inde
672 996 837 1048 super
872 983 1051 1033 terras
1086 979 1236 1033 redit
1269 979 1487 1047 agmine
1521 979 1667 1034 dulci

145 1104 167 1150 ι
230 1056 462 1185 ”3232
494 1059 646 1185 ξεῖ-’ξε
670 1134 1071 1201 mm
1105 1055 1289 1186 fixa
1305 1055 1524 1185 {333¹ss
1543 1055 1878 1186 ‘mm

922 1173 935 1199 2

56 1135 210 1331 y
230 1208 489 1277 expirent
520 1208 675 1274 ignes
708 1207 986 1261 interdum
1021 1207 1245 1261 turbine
1279 1210 1450 1276 tanto,
1865 1221 1948 1262 640

234 1283 539 1354 expediam.
573 1299 753 1352 neque
789 1285 932 1338 enim
967 1283 1232 1337 mediocri
1265 1283 1422 1337 clade
1455 1289 1645 1338 coorta

235 1358 485 1413 flammea
519 1362 823 1428 tempestas
861 1359 1103 1414 Siculum
1141 1358 1418 1413 dominata
1452 1376 1554 1428 pei·
1589 1375 1752 1428 agros

236 1435 479 1489 finitimis
514 1435 587 1488 ad
624 1451 683 1488 se
718 1435 990 1490 convertit
1022 1433 1282 1503 gentibus
1317 1452 1427 1502 ora,

230 1510 444 1565 fumida
478 1527 601 1565 cum
637 1511 773 1565 caeli
809 1510 1107 1565 scintillare
1143 1510 1324 1564 omnia
1357 1511 1565 1578 templa
1725 1560 1729 1564 s

232 1591 521 1641 cernentes
556 1588 758 1656 pavida
790 1586 1140 1657 complebant
1174 1591 1398 1655 pectora
1431 1604 1577 1650 cura,
1868 1601 1950 1642 645

235 1663 370 1731 quid
404 1663 689 1716 moliretur
722 1679 909 1716 rerum
943 1666 1145 1717 natura
1177 1679 1454 1717 novarum.

308 1739 477 1794 Hisce
513 1739 613 1793 tibi
646 1740 701 1793 in
738 1738 903 1793 rebus
938 1738 1106 1794 latest
1141 1738 1360 1807 alteque
1395 1739 1719 1797 videndum

234 1819 295 1870 et
328 1815 487 1883 longe
522 1819 745 1869 cunctas
780 1814 838 1868 in
872 1816 1047 1884 partis
1082 1814 1494 1884 dispiciendum,

231 1894 298 1945 ut
332 1890 697 1945 reminiscaris
732 1907 999 1945 summam
1034 1908 1220 1945 rerum
1254 1907 1378 1946 esse
1411 1890 1740 1961 profundam

234 1971 294 2022 et
326 1967 515 2021 videas
548 1967 759 2021 caelum
796 1967 1025 2020 summai
1062 1968 1233 2021 totius
1267 1984 1437 2022 unum
1873 1980 1950 2021 0⁵0

235 2061 400 2114 quam
432 2044 505 2097 sit
538 2043 763 2112 parvula
797 2060 925 2112 pars
960 2046 1019 2097 et
1054 2060 1218 2111 quam
1254 2043 1566 2098 multesima
1598 2046 1815 2098 constet

235 2137 337 2175 nec
372 2124 493 2174 tota
527 2136 669 2188 pars,
712 2120 873 2173 homo
907 2120 1077 2174 terrai
1112 2124 1283 2187 quota
1316 2120 1487 2174 totius
1519 2135 1675 2173 unus.

237 2196 384 2264 quod
418 2196 559 2251 benc
593 2196 933 2265 propositum
970 2196 1016 2249 si
1050 2196 1212 2265 plane
1247 2198 1542 2251 contueare

236 2288 301 2326 ac
336 2272 522 2326 videas
558 2273 736 2341 plane,
770 2272 955 2325 mirari
990 2271 1166 2326 multa
1201 2270 1491 2343 relinquas.

235 2350 491 2417 numquis
526 2349 670 2403 enim
705 2352 951 2403 nostrum
988 2348 1220 2401 miratur
1255 2347 1426 2415 siquis
1458 2348 1514 2401 in
1549 2350 1703 2401 artus
1872 2358 1954 2399 655

234 2425 446 2493 accepit
480 2424 657 2479 calido
690 2423 887 2479 febrim
922 2426 1136 2478 fervore
1172 2429 1413 2477 coortam

236 2504 335 2555 aut
369 2499 534 2554 alium
570 2500 817 2569 quemvis
852 2499 1029 2553 morbi
1062 2516 1164 2568 per
1197 2498 1444 2553 membra
1479 2499 1755 2553 dolorem?

237 2572 578 2644 opturgescit
612 2575 759 2630 enim
794 2575 977 2645 subito
1010 2590 1124 2645 pes,
1161 2573 1357 2643 arripit
1389 2591 1517 2629 acer

238 2667 404 2720 saepe
440 2651 596 2705 dolor
630 2650 841 2718 denteS,
878 2650 1061 2705 oculos
1095 2651 1308 2706 invadit
1341 2649 1399 2704 in
1431 2651 1595 2720 ipsos,

237 2728 429 2781 existit
464 2743 619 2781 sacer
651 2726 793 2795 ignis
827 2732 887 2782 ct
921 2728 1033 2781 urit
1068 2742 1297 2796 corpore
1331 2740 1558 2796 serpens
1876 2739 1954 2779 ceo

239 2820 639 2872 quamcumque
674 2804 905 2871 arripuit
938 2802 1158 2872 partim,
1195 2803 1446 2872 repitque
1479 2818 1581 2873 per
1613 2806 1782 2868 artua,

238 2879 496 2933 nimirum
536 2880 665 2947 quia
700 2882 827 2934 sunt
862 2879 1159 2933 multarum
1193 2878 1401 2932 semina
1434 2892 1636 2943 rerum,

238 2958 300 3008 et
334 2955 467 3008 satis
502 2954 638 3010 haec
674 2955 837 3009 tellus
870 2955 1027 3009 nobis
1061 2954 1383 3023 caelumque
1417 2952 1547 3008 mali
1581 2952 1708 3023 fert,

238 3028 387 3083 unde
422 3034 591 3097 queat
630 3032 711 3084 vis
744 3030 995 3084 immensi
1031 3046 1378 3100 procrescere
1412 3028 1600 3083 morbi.

236 3103 317 3157 sic
350 3101 519 3171 igitur
554 3106 657 3159 toti
688 3106 840 3160 caelo
875 3109 1169 3173 terraeque
1204 3105 1564 3174 putandumst
1879 3113 1956 3157 ωε

236 3190 309 3230 ex
343 3176 555 3231 infinito
596 3180 731 3233 satis
764 3180 943 3233 onmia
978 3179 1342 3247 suppeditare,
