2259 3550
1103 109 1247 167 IIII
1925 113 2038 168 113

331 226 505 280 usque
541 211 679 265 adeo
717 212 899 280 magni
934 211 1109 266 refert
1145 212 1388 266 studium
1426 217 1593 280 atque
1630 213 1899 284 voluptas,

331 290 391 342 et
424 286 621 356 quibus
656 288 714 342 in
748 287 915 343 rebus
947 290 1266 342 consuerint
1299 305 1420 342 esse
1456 291 1668 358 operati
1963 307 2036 347 985

328 381 437 418 non
472 364 719 418 homines
754 364 927 418 solum
964 365 1066 418 sed
1100 381 1230 418 vero
1265 364 1520 419 animalia
1554 370 1761 421 cuneta.

330 440 533 509 quippe
570 440 783 496 videbis
820 457 989 510 equos
1024 441 1198 508 fortis,
1235 457 1356 495 cum
1397 442 1643 496 membra
1676 442 1946 510 iacebunt,

328 516 386 570 in
422 517 625 570 somnis
660 517 859 571 sudare
895 521 1082 571 tamen
1120 518 1440 586 spirareque
1476 534 1692 587 semper

328 596 389 647 et
423 593 579 662 quasi
618 593 687 646 de
722 593 905 661 palma
940 610 1178 647 summas
1212 594 1544 648 contendere
1577 595 1707 648 viris

326 671 425 724 aut
460 669 613 738 quasi
649 669 957 724 carceribus
993 669 1286 738 patefactis
1321 687 1468 720 SAEPE
1487 688 1668 725 eumn.
1961 687 2034 728 990

238 769 305 805 m
326 748 731 815 venantumque
764 762 925 800 canes
960 745 1016 799 in
1056 746 1204 800 molli
1241 761 1404 814 saepe
1441 746 1627 814 quiete

238 843 303 876 σοι
324 821 533 876 iactant
568 837 726 875 crura
762 824 947 876 tamen
984 822 1168 876 subito
1203 838 1472 892 vocesque
1507 831 1736 892 repente

325 897 559 951 mittunt
594 901 654 951 et
688 896 882 950 crebro
916 897 1230 953 redducunt
1265 898 1486 952 naribus
1523 915 1696 965 auras,

324 977 391 1028 ut
423 973 656 1042 vestigia
693 972 739 1025 si
774 976 1001 1027 teneant
1035 973 1258 1028 inventa
1294 974 1546 1038 ferarum,

324 1050 806 1117 expergefactique
842 1053 1099 1104 secuntur
1137 1050 1316 1104 inania
1353 1067 1516 1120 saepe
1959 1069 2030 1107 993

234 1147 300 1180 m
322 1141 605 1179 cervorum
643 1125 945 1193 simulacra,
981 1126 1145 1194 fugae
1183 1128 1337 1195 quasi
1375 1126 1566 1180 dedita
1601 1131 1841 1195 cernant,

322 1200 496 1256 donec
532 1200 790 1254 discussis
828 1200 1057 1255 redeant
1095 1202 1372 1255 erroribus
1407 1203 1479 1255 ad
1515 1219 1586 1256 se.

321 1280 382 1331 at
416 1279 675 1330 consueta
710 1275 859 1330 domi
896 1277 1200 1331 catulorum
1236 1278 1438 1331 blanda
1474 1294 1716 1347 propago

232 1373 299 1406 ωε
322 1352 598 1407 discutere
635 1357 693 1407 et
728 1368 925 1422 corpus
961 1353 1032 1406 de
1070 1358 1220 1406 terra
1255 1354 1529 1422 corripere
1565 1354 1774 1409 instant
1850 1411 1856 1416 ,
1955 1371 2028 1410 999

320 1429 549 1498 proinde
588 1429 743 1498 quasi
780 1429 994 1496 ignotas
1030 1429 1196 1482 facies
1233 1433 1402 1499 atque
1439 1446 1535 1482 ora
1571 1434 1809 1484 tuantur.
1932 1447 2028 1488 1004

322 1509 382 1560 et
416 1521 525 1572 quo
562 1521 813 1574 quaeque
850 1505 1025 1572 magis
1061 1508 1188 1558 sunt
1225 1522 1420 1575 aspera
1455 1506 1816 1574 seminiorum‚

321 1585 438 1636 tam
473 1581 647 1648 magis
682 1581 737 1633 in
776 1581 977 1634 somnis
1013 1581 1208 1634 eadem
1246 1582 1458 1636 saevire
1496 1587 1788 1637 necessust.

321 1660 379 1710 at
416 1657 598 1711 variae
633 1657 851 1724 fugiunt
889 1657 1134 1710 volucres
1169 1657 1460 1727 pinnisque
1496 1661 1723 1726 repente

320 1733 613 1789 sollicitant
652 1733 833 1788 divom
870 1737 1136 1788 nocturno
1172 1739 1420 1803 tempore
1456 1735 1618 1800 lucos,

318 1810 606 1878 accipitres
644 1826 831 1863 somno
865 1810 921 1863 in
958 1810 1067 1863 leni
1106 1810 1152 1863 si
1189 1811 1396 1879 proelia
1429 1828 1640 1881 pugnas

318 1886 485 1940 cdere
522 1890 649 1940 sunt
682 1890 1057 1955 persectantes
1094 1887 1352 1956 visaeque
1389 1887 1648 1942 volantes.
1927 1903 2022 1943 1010

317 1978 479 2030 porro
515 1962 796 2015 hominum
832 1966 1059 2029 mentes,
1097 1964 1309 2030 magnis
1347 1980 1487 2031 quae
1523 1962 1761 2017 motibus
1797 1963 1972 2019 edunt

318 2054 529 2105 inagna,
553 2037 745 2091 itidem
770 2054 933 2106 saepe
956 2038 1013 2091 in
1038 2040 1240 2091 somnis
1263 2040 1578 2108 faciuntque
1602 2042 1926 2109 gerantque,

320 2129 478 2181 reges
514 2116 845 2180 expugnant,
883 2114 1188 2181 capiuntur,
1227 2115 1434 2183 proelia
1468 2115 1714 2180 miscent,

318 2189 521 2243 tollunt
556 2189 845 2243 clamorem
882 2190 1038 2258 quasi
1073 2190 1117 2241 si
1156 2190 1470 2258 iugulentur
1505 2190 1723 2245 ibidem.

318 2264 477 2319 multi
514 2264 829 2333 depugnant
862 2265 1215 2333 gemitusque
1251 2266 1526 2319 doloribus
1562 2266 1736 2321 edunt
1927 2282 2021 2321 1015

318 2344 378 2395 et
414 2341 570 2410 quasi
605 2340 905 2408 pantherae
940 2356 1123 2395 morsu
1160 2343 1374 2395 saevive
1408 2342 1578 2396 leonis

318 2418 650 2470 mandantur
684 2416 895 2483 magnis
930 2416 1256 2470 clamoribus
1293 2418 1470 2471 omnia
1505 2418 1796 2485 complent.

317 2492 477 2545 multi
514 2492 585 2546 de
620 2492 833 2559 magnis
867 2507 965 2561 per
1002 2508 1250 2547 somnum
1288 2492 1440 2547 rebu'
1473 2493 1770 2562 loquuntur

314 2568 624 2636 indicioque
662 2567 744 2621 sui
780 2567 911 2621 facti
945 2584 1214 2637 persaepe
1250 2569 1418 2623 fuere.

316 2644 475 2699 multi
513 2646 748 2711 mortem
786 2642 1009 2698 obeunt.
1044 2644 1218 2712 multi,
1255 2645 1328 2699 de
1361 2643 1636 2699 montibus
1671 2644 1800 2699 altis
1924 2660 2019 2700 1020

314 2724 379 2775 ut
415 2720 510 2790 qui
545 2718 909 2789 praecipitent
944 2719 1017 2773 ad
1052 2724 1259 2775 terram
1297 2737 1522 2789 corpore
1557 2723 1692 2787 toto,

316 2799 677 2851 externantur
712 2799 770 2849 et
805 2811 874 2849 ex
910 2812 1098 2851 somno
1137 2797 1293 2865 quasi
1329 2796 1590 2852 mentibu’
1625 2798 1774 2866 capti

312 2872 407 2925 vix
440 2872 513 2925 ad
550 2887 609 2926 se
644 2871 879 2925 redeunt
914 2873 1146 2940 permoti
1185 2875 1425 2943 eorporis
1459 2876 1629 2928 aestu.

312 2948 517 3003 flumen
550 2949 685 3003 item
720 2947 914 3002 sitiens
948 2951 1046 3002 aut
1080 2948 1289 3005 fontem
1325 2954 1552 3019 propter
1588 2964 1874 3004 amoenum

312 3024 532 3081 adsidet
566 3028 627 3079 et
661 3026 837 3079 totum
872 3040 1042 3092 prope
1077 3025 1322 3080 faucibus
1356 3029 1584 3095 occupat
1617 3041 1849 3082 amnem.
1919 3041 2015 3079 1025

313 3100 439 3171 puri
474 3116 641 3170 saepe
674 3100 852 3153 lacum
886 3104 1115 3169 propter
1151 3102 1197 3156 si
1231 3118 1296 3155 ae
1331 3102 1478 3156 dolia
1511 3104 1668 3157 curta

314 3192 503 3230 somno
540 3175 779 3230 devincti
814 3174 1049 3231 credunt
1085 3192 1145 3231 se
1181 3176 1446 3233 extollere
1483 3181 1707 3246 vestem,
