2259 3550
831 549 1449 618 PRAEFATIO.

1030 787 1232 805 ..4-

397 955 547 1021 an
571 955 628 1010 in
649 955 753 1012 hoc
769 956 1010 1010 carmine
1027 955 1379 1024 pet-poliendo
1400 955 1779 1010 Lachmannus
1796 954 1995 1011 eximio

290 1038 548 1104 acumine,
597 1037 908 1092 admirabili
955 1037 1257 1107 diligentia,
1302 1038 1733 1112 exquisitissima
1778 1039 1995 1108 linguae

290 1125 576 1179 universae
621 1141 864 1194 ususque
912 1123 1227 1180 Lucretiani
1274 1126 1503 1181 scientia
1548 1124 1806 1194 effecerit,
1854 1125 1994 1180 adeo

289 1209 540 1263 omnibus
571 1212 760 1263 notum
793 1214 880 1264 est
901 1213 981 1278 ut,
1007 1212 1052 1264 si
1075 1211 1229 1266 illum
1260 1211 1517 1266 laudibus
1549 1213 1745 1266 efferre
1778 1212 1991 1280 vellem,

289 1295 486 1348 merito
509 1294 854 1364 importunus
879 1312 1001 1349 esse
1025 1296 1313 1351 iudicarer.
1385 1299 1641 1366 quoniam
1666 1297 1853 1367 igitur,
1876 1297 1995 1367 qui-

165 1451 171 1455 ·
287 1397 526 1450 cumque
584 1381 816 1450 posthac
872 1381 947 1436 ad
987 1382 1393 1436 emendandum
1442 1383 1761 1438 Lucretium
1807 1400 1993 1438 sanam

288 1473 466 1524 artem
489 1469 756 1524 adhibere
773 1469 936 1539 volet,
953 1470 1070 1525 eius
1087 1470 1191 1524 viri
1208 1471 1455 1539 vestigiis
1478 1470 1733 1524 insistere
1751 1469 1993 1538 debebit,

287 1557 348 1609 et
372 1553 476 1610 hac
507 1555 578 1610 de
610 1555 806 1609 roiam
831 1556 1050 1624 saepius
1073 1556 1348 1626 disputavi
1370 1556 1428 1610 in
1451 1554 1735 1610 annalibus
1764 1555 1994 1626 philolo-

287 1641 424 1708 gieis
461 1642 556 1710 qui
597 1657 774 1710 nuper
812 1640 1201 1709 Cantabrigiae
1242 1641 1583 1708 prodierunt,
1628 1643 1688 1694 et
1728 1657 1872 1708 mox,
1910 1641 1994 1696 uti

289 1741 464 1797 spero,
495 1727 672 1781 fusius
708 1726 1014 1782 disserendi
1052 1726 1388 1781 occasionem
1424 1727 1721 1795 nanciscar,
1750 1725 1839 1781 hic
1876 1727 1995 1795 qui-

289 1811 415 1866 dem
434 1811 678 1867 breviter
695 1815 756 1867 et
769 1812 843 1865 ad
867 1812 1155 1866 consilium
1176 1814 1399 1865 nostrae
1421 1811 1680 1867 editionis
1694 1828 1994 1867 accommo-

289 1896 422 1953 date
447 1913 542 1952 eos
563 1900 784 1951 tantum
806 1898 954 1952 locos
975 1896 1229 1952 indicabo
1252 1898 1309 1950 in
1328 1897 1529 1967 quibus
1552 1898 1763 1968 aliquid
1785 1898 1995 1967 melius,

289 2001 454 2052 quam
478 1986 628 2055 quod
661 2001 696 2039 a
723 1985 1074 2039 Lachmanno
1095 1984 1381 2039 inventum
1404 1987 1509 2051 est,
1532 1988 1631 2039 aut
1662 2002 1695 2039 e
1717 1984 1995 2039 codicibus

289 2070 586 2141 sumpsisse
613 2074 712 2131 aut
743 2072 974 2126 aliorum
1005 2075 1104 2126 aut
1127 2070 1365 2140 denique
1386 2087 1515 2125 mea
1536 2069 1847 2127 coniectura
1870 2086 1995 2140 rep-

288 2158 496 2226 perisse
552 2157 688 2211 mihi
745 2156 948 2213 videor.
1028 2157 1261 2212 leviores
1322 2156 1719 2228 discrepantias
1776 2155 1993 2211 silentio

288 2242 620 2313 praeteribo.

979 2442 1215 2496 LIBER
1253 2442 1296 2495 1.

391 2602 464 2653 60
529 2606 794 2649 'roLLERE
815 2595 954 2649 libri.
1028 2593 1080 2647 N
1083 2592 1240 2647 onius
1274 2593 1515 2663 tendere,
1545 2608 1711 2663 quem
1746 2594 1995 2664 sequitur

289 2680 684 2737 Lachmannus.

395 2773 462 2823 68
533 2777 698 2819 FAMA
719 2777 908 2821 DEUM.
978 2764 1359 2821 Lachmannus
1394 2782 1517 2820 cum
1550 2764 1803 2821 Bentleio
1820 2768 1991 2832 sana.

291 2853 521 2908 ‘scilieet
529 2853 720 2920 fama'
743 2851 926 2923 inquit
948 2852 1081 2907 ‘non
1099 2851 1275 2907 omnis
1297 2850 1605 2906 necessario
1630 2868 1841 2918 maana
1865 2852 1993 2908 est’:

287 2957 396 2996 non
420 2942 611 3011 omnis,
627 2940 728 2996 sed
749 2938 1054 2995 necessario
1077 2939 1251 2994 omnis
1274 2938 1445 2993 deum
1454 2939 1643 3004 sama.
1706 2937 1783 2991 sic
1807 2936 1993 2991 Livius

287 3041 328 3079 x
367 3032 438 3080 24
475 3026 592 3079 sine
631 3026 746 3080 ullo
785 3025 1032 3095 epitheto
1073 3024 1123 3077 Α
1135 3024 1177 3077 d
1212 3025 1451 3088 famam
1488 3022 1699 3092 populi
1736 3022 1993 3076 Romani

287 3111 590 3182 pertinere.
