2259 3550
1107 133 1217 170 XXV

314 247 656 304 animantis.
729 265 854 304 nam
887 251 944 304 in
977 251 1243 320 singulari
1279 267 1507 308 numero
1530 253 1709 308 utitur
1734 253 2025 311 Lucretius

316 332 594 388 adiectivo
617 333 910 402 animis,
934 335 1279 390 substantivo
1302 336 1531 392 animal
1550 354 1657 392 non
1681 338 1871 392 utitur.

422 423 518 478 741
559 437 660 490 pro
697 421 963 476 librorum
1011 437 1147 484 mur
1193 439 1375 484 areum
1414 439 1659 478 neumis
1701 439 1835 478 casu
1874 423 2049 480 nolui'

314 524 442 561 cum
466 507 814 564 Lachmanno
837 509 970 578 equi
991 527 1128 564 casu
1149 516 1317 579 atquo
1339 511 1593 565 hominis
1616 511 1871 566 scribere.

424 595 520 650 761
573 609 674 662 pro
716 609 964 648 annum
1011 609 1145 648 vrrs
1190 595 1397 664 optime
1436 595 1765 666 Bernaysius
1802 596 2022 652 rellicta

315 678 447 732 vita.
519 679 669 734 idem
691 683 822 734 ante
845 697 972 734 eum
996 682 1289 736 coniecisse
1314 683 1537 738 videtur
1562 683 1635 737 Is.
1658 683 1900 750 Vossius,
1925 683 2019 752 qui

314 765 372 818 in
417 767 664 834 margine
705 767 1034 836 exemplaris
1081 769 1213 824 edit.
1255 769 1435 838 Fabri,
1480 771 1631 840 quod
1677 787 1853 840 nuper
1896 785 2019 823 meo

311 867 442 904 aere
464 851 666 920 paravi,
691 851 826 906 haec
848 852 1160 923 adscripsit,
1187 855 1201 882 ‘
1217 853 1437 909 Relicta
1462 855 1583 908 vica
1618 854 1802 908 malim
1834 857 2019 908 tamen

317 935 562 991 Reddita
599 937 784 990 media
829 937 1100 1006 producta
1139 942 1207 994 ut
1244 939 1571 994 Salmasius’.
1644 938 2020 994 Lachmannus

313 1019 562 1074 Reddita
580 1037 693 1090 pro
717 1022 852 1077 vita.

418 1108 518 1163 783
541 1122 644 1176 pre
666 1121 900 1162 mauu
935 1123 1169 1164 eoams‘r
1186 1110 1397 1178 ‘scripsi
1422 1117 1627 1164 terrast
1650 1111 1829 1166 cordi.
1901 1127 2015 1166 sae-

311 1191 536 1260 pissime
557 1193 908 1250 membranae
929 1194 1032 1248 hoc
1053 1201 1106 1250 et
1127 1195 1305 1250 alieno
1329 1212 1519 1250 versus
1542 1196 1659 1251 loco
1682 1201 1905 1266 ponunt.

418 1281 534 1336 795.
609 1278 844 1334 Frustra
878 1279 981 1334 hoc
1012 1279 1298 1334 contendit
1324 1281 1718 1350 Lachmannus,
1742 1282 1799 1336 in
1832 1283 2016 1337 verbis

312 1370 559 1432 tempore
586 1369 650 1420 in
673 1381 790 1420 uno
811 1366 1094 1434 Tempora
1115 1367 1301 1422 multa
1322 1367 1511 1436 latent,
1532 1368 1685 1422 ratio
1708 1384 1852 1438 quae
1872 1385 2016 1424 com·

307 1450 466 1517 perit
495 1466 604 1505 esse
639 1451 970 1506 sententiam
1004 1451 1309 1520 perfectam
1334 1457 1395 1507 et
1417 1453 1723 1508 absolutam
1752 1453 2014 1508 concludi.

309 1553 438 1590 nam
471 1538 812 1607 ineptissime
846 1538 982 1593 haee
1015 1539 1347 1606 dicerentur,
1372 1540 1479 1594 nisi
1510 1547 1755 1610 temporo
1790 1540 1859 1594 in
1898 1557 2015 1596 uno

307 1623 618 1678 accuratius
649 1623 989 1680 definiretur.
1063 1640 1236 1692 quare
1266 1627 1367 1682 775
1402 1625 1625 1694 scripsit
1658 1627 1823 1694 poeta
1844 1625 2015 1680 semi-

307 1713 729 1783 ln‘li...tempore
763 1714 831 1767 in
864 1730 995 1768 une.
1067 1729 1292 1785 prorsus
1326 1715 1475 1770 idem
1503 1714 1559 1768 in
1583 1729 1745 1768 versu
1770 1716 1870 1771 795
1893 1713 2013 1784 plu-

310 1798 460 1855 ribus
498 1800 682 1855 verbis
701 1800 918 1856 *effecit
990 1818 1116 1855 nam
1154 1805 1413 1871 corrupta
1448 1800 1585 1857 haec
1611 1800 2011 1857 Coxsmwrmvs

309 1901 370 1939 ιι)
405 1898 506 1940 ner
543 1900 660 1941 σῦκ
702 1901 812 1941 vox
846 1901 1161 1941 nmmum-un
1195 1901 1313 1941 mu
1340 1887 1418 1940 sic
1450 1886 1647 1941 leniter
1670 1884 2013 1941 emendanda

308 1977 438 2029 sunt
470 1975 619 2031 Cum
664 1975 943 2030 sentimur
987 1976 1068 2040 id,
1104 1982 1157 2029 ec
1200 1992 1335 2029 cum
1379 1991 1485 2029 vox
1536 1972 1825 2029 emittitur
1874 1989 2009 2027 una.

309 2058 640 2113 Lachmanni
675 2058 944 2113 rationem
984 2059 1305 2126 intellegere
1340 2074 1451 2112 non
1488 2073 1725 2127 possum,
1761 2056 1857 2125 qui
1890 2072 2011 2110 ver-

307 2158 429 2196 sum
467 2142 544 2197 sic
579 2146 854 2197 mutatum
882 2142 1046 2207 Quod
1081 2142 1359 2197 sentimus
1389 2141 1457 2195 id
1476 2147 1569 2208 eet,
1594 2157 1636 2193 c.
1663 2158 1709 2193 v.
1733 2156 1773 2194 e.
1798 2157 1855 2193 u.
1878 2142 2009 2193 ante

309 2228 410 2283 783
433 2227 712 2282 transfert.

411 2315 513 2383 823
536 2327 637 2380 pro
660 2326 854 2367 mnssn
878 2311 1245 2379 scribendum,
1261 2310 1367 2364 nisi
1380 2308 1554 2376 fallor,
1571 2308 1791 2361 aversis.
1806 2306 2007 2375 pagina

304 2397 584 2467 archetypi
612 2401 726 2465 171,
751 2415 893 2469 quae
915 2398 1024 2454 fuit
1052 2400 1110 2453 in
1140 2398 1339 2453 dextra
1370 2395 1607 2451 schedae
1636 2397 1809 2462 parte,
1842 2392 2007 2445 desiit

246 2482 252 2488 '
305 2483 362 2537 in
392 2499 556 2537 versu
583 2486 698 2541 827.
741 2499 871 2537 casu
894 2483 1076 2552 aliquo
1105 2486 1225 2537 tres
1256 2485 1540 2537 extremae
1567 2477 1789 2532 litterae
1814 2492 2006 2532 versus

305 2572 408 2623 826
431 2584 577 2635 mm,
601 2572 660 2623 et
684 2571 934 2623 extrema
954 2568 1118 2622 huius
1136 2584 1326 2623 versus
1349 2571 1451 2621 823
1474 2580 1503 2619 8
1524 2563 1823 2634 perierunt.
1852 2562 2005 2616 dein·

303 2653 378 2709 de
399 2668 470 2707 ex
494 2668 638 2721 quea
660 2652 818 2707 facile
843 2656 1025 2707 ortum
1051 2656 1141 2708 est
1164 2652 1278 2718 via,
1302 2668 1371 2706 ex
1394 2649 1574 2705 amsi
1597 2650 1786 2703 autem
1810 2645 2002 2701 inesse.

407 2744 526 2806 836,
567 2743 706 2791 nata
741 2754 864 2791 eum
895 2741 1100 2807 aptum·
1129 2754 1347 2793 sensum
1384 2733 1663 2807 praebeat,
1695 2731 1842 2786 nolui
1878 2747 2004 2786 cum

304 2822 651 2879 Inchmanno
672 2830 880 2877 natum
904 2823 1157 2878 seribere.

407 2916 510 2967 862
533 2928 650 2981 sqq.
669 2910 915 2965 oratione
933 2910 1128 2965 melius
1152 2907 1427 2975 distincta,
1440 2903 1621 2959 omnia
1638 2902 1801 2971 plana
1823 2906 1999 2956 erunt.

301 2997 490 3065 itaque
514 2997 608 3049 fini
641 3012 830 3049 versus
869 3000 971 3049 864
1006 2994 1195 3047 incisio
1229 2996 1459 3055 tantum,
1494 3005 1603 3043 non
1637 2986 1799 3056 plena
1831 2985 2000 3041 inter·

301 3082 524 3150 punctio
547 3080 867 3136 subicienda
889 3084 991 3135 est.
1033 3080 1137 3134 hoc
1162 3095 1272 3135 non
1303 3076 1595 3140 intellect0,
1622 3072 1999 3127 Lachmannus

303 3169 489 3279 8633et
513 3170 615 3221 864
639 3164 988 3233 transposuit.
