2259 3550
166 484 213 505 '¹
292 521 324 552 1-
364 511 436 548 »οε
759 496 817 553 Τ.
853 497 1189 553 LUGRETI
1227 495 1418 553 CARI

174 649 264 746 st
313 609 339 621 *¹
437 665 599 741 DE
678 667 1119 742 RERUM
1200 665 1734 740 NATURA

765 857 1020 904 LIBER
1064 856 1403 905 SEXTUS.

960 1035 1162 1067 ...ἤ-

232 1181 449 1237 Primae
481 1182 789 1253 frugiparos
824 1183 973 1238 fetus
1006 1183 1330 1238 mortalibus
1364 1183 1544 1251 aegris

232 1258 552 1312 dididerunt
588 1260 862 1329 quondam
898 1261 1180 1328 praeclaro
1216 1259 1434 1312 nomine
1473 1258 1728 1312 Athenae

230 1337 291 1388 et
324 1339 711 1388 recreaverunt
745 1335 914 1390 vitam
949 1336 1209 1404 legesque
1243 1339 1522 1403 rogarunt,

24 1331 289 1504 Mft
324 1411 533 1480 primae
569 1410 843 1466 dederunt
878 1411 1074 1465 solacia
1110 1411 1290 1464 dulcia
1324 1411 1486 1478 vitae,

61 1496 197 1595 (Μ’

110 1589 138 1618 b

26 1615 123 1716 W

230 1503 352 1540 cum
387 1503 626 1555 genuere
662 1488 836 1540 virum
871 1487 969 1540 tali
1002 1504 1125 1541 cum
1163 1487 1330 1541 corde
1365 1490 1665 1556 repertum,

227 1563 409 1616 omnia
443 1562 677 1616 veridico
713 1563 807 1632 qui
843 1563 1117 1631 quondam
1155 1581 1225 1617 ex
1260 1581 1355 1618 ore
1388 1562 1667 1630 profudit;

228 1640 381 1693 cuius
414 1641 475 1692 et
508 1639 738 1692 extincti
774 1643 1003 1708 propter
1038 1639 1224 1693 divina
1257 1643 1482 1708 reperta

231 1714 506 1783 divolgata
540 1717 701 1767 vetus
734 1715 843 1767 iam
878 1714 951 1767 ad
984 1715 1195 1770 caelum
1229 1715 1404 1784 gloria
1439 1716 1629 1768 fertur.

229 1808 355 1845 nam
390 1806 513 1845 cum
550 1790 690 1845 vidit
724 1791 811 1845 hic
846 1791 920 1845 ad
956 1792 1161 1846 victum
1197 1810 1338 1861 quae
1373 1792 1588 1861 flagitat
1622 1807 1754 1844 usus

229 1867 409 1921 omnia
442 1867 550 1921 iam
585 1866 758 1921 ferme
793 1867 1115 1921 mortalibus
1150 1885 1270 1923 esse
1305 1868 1499 1937 parata
1541 1898 1544 1903 -

230 1946 302 2006 et,
337 1960 602 2011 proquam
637 1954 839 2013 posset,
875 1945 1045 1998 vitam
1079 1945 1379 1998 consistere
1413 1948 1610 2009 tutam,

228 2018 431 2073 divitiis
465 2019 711 2073 homines
748 2023 805 2074 et
838 2019 1043 2073 honore
1078 2024 1138 2074 et
1172 2020 1337 2073 laude
1371 2021 1613 2090 potentis

227 2095 448 2149 affluere
483 2099 651 2165 atque
686 2096 830 2150 bona
864 2100 1156 2164 gnatorum
1189 2096 1461 2150 excellere
1495 2097 1653 2163 fama,

225 2187 325 2224 nec
360 2172 539 2225 minus
575 2188 695 2227 esse
731 2172 879 2226 domi
914 2173 1169 2241 cuiquam
1206 2176 1394 2227 tamen
1429 2172 1591 2226 anxia
1625 2171 1808 2239 corda,

226 2250 394 2315 atque
426 2248 593 2301 animi
626 2248 855 2315 ingratis
889 2247 1059 2303 vitam
1095 2265 1296 2303 vexare
1329 2248 1454 2302 sine
1489 2249 1608 2303 ulla

224 2338 397 2391 pausa
432 2326 601 2393 atque
634 2324 847 2378 infestis
882 2325 1037 2392 cogei
1072 2325 1280 2379 saevire
1319 2324 1598 2393 querelliS,

224 2398 497 2467 intellegit
529 2399 606 2453 ibi
641 2400 836 2454 vitium
870 2416 967 2455 vas
1003 2400 1220 2455 efficere
1252 2402 1434 2469 ipsum

224 2475 515 2544 omniaque
548 2475 694 2529 illius
727 2476 862 2530 vitio
900 2477 1240 2545 corrumpier
1273 2478 1424 2530 intus

225 2566 366 2619 quae
400 2551 617 2605 conlata
650 2552 784 2605 foris
820 2556 877 2607 et
911 2553 1199 2607 commoda
1233 2570 1468 2622 cumque
1502 2554 1783 2620 venirent;

224 2626 426 2695 partim
462 2627 612 2696 quod
647 2628 851 2681 fluxum
886 2633 1284 2698 pertusumque
1319 2646 1440 2683 esse
1474 2629 1716 2697 videbat,

221 2706 288 2757 ut
321 2704 471 2756 nulla
504 2706 692 2772 posset
725 2704 937 2757 ratione
974 2705 1250 2773 explerier
1282 2722 1572 2774 umquam;

222 2779 424 2847 partim
460 2779 608 2849 quod
643 2782 823 2833 taetro
859 2781 1016 2848 quasi
1052 2798 1413 2850 conspurcare
1449 2798 1644 2849 sapore

222 2855 403 2909 omnia
437 2856 714 2923 cernebat,
750 2873 1123 2926 quaecumque
1159 2860 1457 2926 receperat,
1489 2858 1652 2912 intus.

220 2930 474 3005 veridicis
508 2932 679 2999 igitur
713 2933 971 3001 purgavit
1004 2937 1234 3003 pectora
1269 2934 1432 2987 dictis

220 3010 281 3059 ct
314 3006 478 3059 finem
515 3008 711 3061 statuit
745 3008 1069 3077 cuppedinis
1104 3012 1275 3077 atque
1309 3010 1524 3062 timoris

223 3080 585 3149 exposuitque
620 3082 823 3135 bonum
860 3099 1129 3136 summum
1167 3100 1277 3151 quo
1311 3084 1591 3137 tendimus
1625 3100 1813 3139 omnes

225 3154 359 3222 qnid
395 3154 552 3219 foret,
590 3162 759 3225 atque
794 3160 936 3210 viam
971 3161 1314 3226 monstravit,
1352 3162 1578 3214 tramite
1611 3178 1782 3229 parvo

1885 1877 1936 1918 10

1883 2262 1934 2301 15
