2259 3550
322 210 424 250 nec
459 195 637 249 minus
670 197 899 263 argento
932 196 1113 250 facere
1149 196 1283 251 haec
1319 215 1560 267 aureque
1593 201 1865 270 parabant

320 287 485 340 quam
522 270 690 324 validi
724 270 961 339 primum
996 271 1252 326 violentis
1287 273 1492 328 viribus
1525 277 1684 341 aeris,
1931 291 2027 332 1270

318 347 665 416 nequiquam,
702 347 955 414 quoniam
992 347 1228 402 cedebat
1265 350 1418 404 victa·
1444 355 1688 418 potestas

316 425 417 478 nec
450 426 672 492 poterat
706 422 916 491 pariter
952 423 1154 477 durum
1191 425 1420 480 sufferre
1455 426 1710 481 laborem.

316 503 438 552 tum
473 498 577 552 fuit
612 499 667 552 in
702 500 881 568 pretio
918 501 1091 569 magis
1125 517 1218 554 aes
1252 517 1553 571 aurumque
1585 503 1800 558 iacebat

317 579 545 643 propter
578 575 933 630 inutilitatem
970 576 1159 630 hebeti
1195 593 1453 631 mucrone
1489 581 1750 633 retusum.

318 667 461 704 nunc
474 650 621 706 iacet
634 668 741 720 aes,
758 669 953 707 aurum
967 653 1023 706 in
1040 670 1312 707 summum
1329 654 1590 709 successit
1604 654 1878 710 honorem.
1927 671 2024 710 1275

318 727 395 780 sic
432 727 698 782 volvenda
727 732 881 782 aetas
916 733 1218 785 commutat
1253 734 1504 798 tempora
1538 746 1738 784 rerum.

318 803 467 871 quod
501 803 609 858 fuit
642 803 699 857 in
732 805 927 873 pretio,
963 805 1029 860 fit
1063 806 1212 860 nullo
1249 806 1485 874 denique
1521 806 1754 872 honore3

316 895 481 948 porro
516 879 652 935 aliut
686 881 931 936 succedit
966 886 1028 938 et
1061 899 1089 936 e
1122 882 1525 952 contemptibus
1561 883 1678 938 exit

315 959 481 1024 inque
517 956 637 1011 dies
670 958 845 1026 magis
880 959 1164 1029 adpetitur
1197 960 1466 1028 floretque
1501 962 1782 1028 repertum

315 1032 569 1087 laudibus
604 1037 664 1088 et
698 1035 836 1089 miro
870 1039 957 1090 est
990 1036 1236 1091 mortalis
1266 1037 1414 1091 inter
1447 1035 1666 1091 honore.
1926 1051 2024 1106 1230

388 1109 440 1163 N
443 1126 549 1164 unc
582 1110 684 1164 tibi
720 1129 829 1180 quo
862 1115 1025 1181 pacto
1057 1113 1192 1166 ferri
1227 1119 1424 1176 natura
1458 1117 1678 1181 reperta
1763 1087 2192 1198 W

317 1185 392 1239 sit
424 1185 641 1242 facilest
675 1188 778 1255 ipsi
812 1204 915 1256 per
946 1191 1007 1243 te
1039 1206 1379 1258 cognoscere,
1418 1189 1672 1243 Memmi:
1849 1226 2007 1283 m

317 1277 467 1315 arma
502 1263 731 1332 antiqua
764 1281 955 1318 manus
993 1281 1205 1332 ungues
1240 1266 1545 1334 dentesque
1579 1266 1773 1318 fuerun

316 1341 374 1391 ct
410 1337 623 1407 lapides
658 1343 715 1394 et
749 1341 883 1395 item
918 1341 1177 1394 silvarum
1213 1341 1481 1409 fragmina
1515 1341 1668 1408 rami,

314 1417 373 1468 et
380 1413 598 1469 flamma
616 1419 784 1485 atque
796 1417 966 1485 ignes,
974 1421 1266 1487 postquam
1277 1421 1405 1472 sunt
1419 1418 1634 1486 cognita
1643 1416 1892 1485 primum.
1925 1429 2022 1469 1285

314 1491 587 1558 posterius
622 1492 753 1545 ferri
788 1492 871 1546 vis
906 1496 993 1547 est
1027 1495 1281 1563 aerisque
1317 1499 1550 1564 reperta.

314 1569 371 1620 et
407 1568 559 1635 prior
594 1567 738 1622 aeris
774 1571 897 1624 erat
930 1585 1093 1638 quam
1129 1570 1264 1624 ferri
1301 1570 1551 1638 cognitus
1585 1584 1733 1636 usus,

314 1659 423 1710 que
457 1643 629 1697 facilis
665 1645 837 1712 magis
872 1648 959 1699 est
994 1649 1194 1700 natura
1229 1649 1286 1700 et
1323 1646 1481 1715 copia
1515 1646 1701 1699 maior.

312 1733 442 1772 aere
478 1719 651 1774 solum
688 1725 871 1775 terrae
906 1722 1235 1792 tractabant,
1271 1739 1508 1792 aereque
1542 1722 1671 1777 belli

313 1796 616 1852 miscebant
652 1799 851 1853 fluctus
884 1802 945 1853 et
979 1800 1208 1854 vulnera
1243 1803 1398 1854 vasta
1435 1800 1692 1855 serebant
1923 1814 2022 1854 129.)

315 1875 374 1925 ct
408 1889 573 1941 pecus
608 1877 778 1942 atque
812 1891 973 1943 agros
1008 1874 1338 1930 adimebant.
1373 1892 1500 1930 nam
1535 1876 1694 1931 facile
1729 1875 1850 1929 ollis
1937 1872 1948 1891 ⁰

314 1948 495 2002 emnia
528 1948 799 2003 cedebant
833 1950 1063 2005 armatis
1097 1952 1247 2003 nuda
1281 1955 1340 2005 et
1374 1952 1596 2006 inerma.

314 2022 443 2077 inde
478 2026 791 2079 minutatim
825 2026 1092 2094 precessit
1125 2028 1339 2081 ferreus
1375 2028 1518 2081 ensis

314 2115 579 2167 versaque
614 2102 670 2153 in
686 2120 691 2126 ·
706 2101 1031 2170 obprobium
1068 2104 1280 2170 species
1314 2106 1401 2157 est
1435 2104 1588 2157 falcis
1622 2103 1842 2171 abellae,

314 2178 372 2228 et
406 2176 554 2229 ferro
589 2193 817 2245 coepere
852 2178 1023 2231 solum
1060 2178 1413 2246 proscindere
1449 2182 1630 2232 terrae
1891 2226 1898 2231 .
1925 2194 2020 2233 1295

314 2256 729 2320 exaequataque
764 2258 891 2307 sunt
926 2255 1137 2323 creperi
1175 2255 1475 2308 certamina
1509 2254 1653 2308 belli.

314 2330 373 2380 et
406 2328 561 2396 prius
595 2332 679 2382 est
714 2334 985 2383 armatum
1019 2331 1075 2383 in
1111 2331 1237 2399 equi
1275 2330 1637 2385 conscendere
1672 2334 1852 2385 costas

314 2407 372 2456 et
409 2404 742 2458 moderarier
776 2406 918 2460 hunc
954 2407 1123 2460 frenis
1161 2407 1469 2475 dextraque
1503 2406 1690 2474 vigere

314 2495 478 2546 quam
512 2479 698 2549 biiugo
733 2498 897 2535 curru
930 2481 1061 2536 belli
1096 2486 1372 2551 temptare
1407 2482 1622 2552 pericla.

314 2558 373 2608 et
408 2555 620 2624 biiugos
656 2557 808 2625 prius
845 2562 933 2612 est
970 2576 1134 2625 quam
1173 2558 1258 2611 bis
1293 2560 1622 2627 coniungere
1659 2558 1818 2612 binos
1922 2573 2018 2613 1300

312 2634 372 2683 ct
408 2648 571 2697 quam
609 2631 880 2687 falciferos
916 2639 1188 2689 armatum
1226 2634 1524 2689 escendere
1559 2650 1764 2689 currus,

313 2706 441 2759 inde
478 2707 645 2762 boves
680 2709 834 2763 lucas
869 2710 1069 2763 turrito
1106 2728 1346 2779 corpore,
1382 2714 1606 2777 taetras,

314 2784 684 2851 anguimanus,
722 2784 853 2839 belli
888 2786 1192 2841 docuerunt
1226 2787 1446 2842 volnera
1485 2787 1654 2840 Poeni

314 2858 541 2913 sufferre
576 2862 635 2914 et
670 2877 896 2929 magnas
933 2862 1129 2916 Martis
1165 2863 1390 2918 turbare
1425 2868 1684 2917 catervas.

314 2934 391 2988 sic
426 2935 537 2988 alid
572 2952 641 2989 ex
677 2937 783 2990 alio
818 2939 1033 3006 peperit
1070 2940 1341 2994 discordia
1375 2940 1566 3005 tristia
1919 2953 2016 2992 1305

314 3010 573 3065 horribile
608 3012 859 3066 humanis
894 3014 1042 3081 quod
1076 3015 1335 3082 gentibus
1369 3018 1516 3069 esset
1551 3016 1610 3067 in
1641 3012 1823 3080 armis,
1868 3025 1923 3125 a

314 3085 479 3153 inque
516 3087 636 3141 dies
670 3089 803 3142 belli
840 3089 1145 3143 terroribus
1179 3091 1399 3146 addidit
1433 3106 1679 3159 augmen.
2090 3102 2124 3154 s

385 3162 745 3233 Temptarunt
779 3166 945 3220 etiam
981 3170 1169 3221 tauros
1203 3168 1260 3221 in
1295 3182 1549 3222 moenere
1587 3165 1715 3220 belli
1761 3166 1934 3225 Q
1971 3157 2040 3237 ζ,

1754 3273 1927 3320 W
