2259 3550
184 92 219 146 8
1019 89 1051 144 I

182 209 363 261 nequa
396 193 543 246 forte
577 195 762 246 tamen
799 195 1022 259 coeptes
1060 191 1310 246 diffidere
1347 193 1525 262 dictis,

185 269 336 337 quod
370 271 650 337 nequeunt
685 267 856 321 oculis
890 284 1076 320 rerum
1111 268 1413 335 primordia
1447 270 1612 338 cerni,

183 346 365 413 accipe
401 347 691 414 praeterea
723 360 863 411 quae
899 359 1128 412 corpora
1162 347 1285 398 tute
1320 351 1597 400 necessest

183 421 476 474 confiteare
513 437 632 474 esse
667 421 722 472 in
757 419 923 472 rebus
957 436 1058 474 nec
1093 422 1485 490 possm-videri.
1819 438 1892 479 2⁷0

184 497 448 564 principio
484 497 634 550 venti
671 496 754 548 vis
788 496 1046 550 verberat
1081 497 1249 550 incita
1283 503 1474 566 portus

185 572 531 642 ingentisque
566 573 679 626 'ruit
714 574 865 625 navis
902 576 960 627 et
997 573 1183 627 nubila
1218 575 1421 642 differt,

186 649 467 702 interdum
502 648 694 717 rapido
731 646 1054 717 percurrens
1090 649 1313 704 turbine
1349 667 1569 720 campos

187 725 473 778 arboribus
509 725 721 792 magnis
757 725 957 779 sternit
993 725 1305 793 montisque
1342 743 1625 796 supremos

190 801 482 868 silvifragis
517 804 682 854 vexat
716 800 928 855 flabris:
977 802 1057 854 ita
1091 802 1330 870 perfurit
1364 805 1475 856 aeri
1822 817 1893 856 275

188 894 310 930 cum
345 877 571 930 fremitu
592 877 890 945 saevitque
927 878 1121 931 minaci
1160 895 1440 932 murmure
1476 884 1683 934 ventus,

189 956 316 1005 sunt
349 953 522 1020 igitur
555 952 704 1006 venti
741 953 994 1006 nimirum
1031 970 1260 1022 corpora
1294 971 1455 1008 caeca

189 1045 331 1097 quae
365 1045 532 1096 mare,
571 1045 712 1097 quae
747 1032 939 1095 terraS‚
975 1045 1116 1096 quae
1154 1030 1391 1098 denique
1428 1031 1613 1084 nubila
1648 1030 1781 1085 caeli

190 1108 416 1159 verrunt
451 1121 514 1158 ac
549 1104 732 1158 subito
767 1105 1020 1159 vexantia
1054 1106 1276 1158 turbine
1312 1110 1549 1174 raptant,

108 1243 118 1255 ·
192 1197 292 1234 nec
326 1180 538 1234 ratione
573 1180 748 1234 fluunt
782 1181 888 1233 alia
923 1186 1271 1250 stragemque
1309 1187 1615 1250 propagant
1824 1197 1897 1235 280

25 1245 255 1316 dauht
288 1272 410 1309 cuin
445 1256 624 1309 mollis
660 1272 834 1325 aquae
869 1257 1050 1310 fertur
1085 1262 1285 1310 natura
1322 1263 1549 1326 repente

25 1328 148 1406 >⁸⁴⁴-
194 1332 413 1385 flumine
447 1332 764 1400 abundanti,
801 1349 965 1401 quam
1000 1333 1165 1401 largis
1202 1332 1469 1386 imbribus
1504 1337 1670 1401 auget

25 1380 466 1487 ffimontibus
503 1425 573 1462 ex
609 1409 735 1462 altis
773 1425 1000 1476 magnus
1037 1409 1301 1462 decursus
1340 1409 1499 1477 aquai

25 1487 180 1532 [mn-
193 1483 461 1552 fragmina
496 1484 764 1538 coniciens
801 1485 1056 1550 silvarum
1093 1485 1425 1553 arbustaque
1463 1489 1595 1548 tota,

25 1542 294 1642 &tec
329 1560 492 1612 validi
527 1563 755 1628 possunt
791 1563 985 1628 pontes
1018 1561 1285 1614 venientis
1319 1562 1480 1629 aquai
1825 1575 1897 1614 285

195 1652 302 1688 vim
342 1635 577 1688 subitam
614 1635 880 1689 tolerare:
930 1636 1011 1690 ita
1046 1653 1243 1704 magno
1279 1636 1536 1690 turbidus
1571 1637 1735 1691 imbri

196 1711 426 1765 molibus
462 1711 692 1764 incurrit
726 1711 922 1764 validis
957 1728 1077 1765 cum
1114 1713 1320 1768 viribus
1355 1713 1542 1766 amnis,

197 1789 295 1842 dat
333 1789 512 1842 sonitu
547 1804 744 1855 magno
779 1792 1020 1856 stragem
1057 1790 1336 1859 volvitque
1374 1790 1477 1843 sub
1511 1790 1673 1843 undis

195 1864 426 1933 grandia
461 1881 590 1918 saxa
627 1865 842 1931 ruitque
875 1862 1020 1933 aqua
1055 1865 1327 1933 quidquid
1362 1866 1617 1920 fluetibus
1652 1865 1849 1919 obstat.

198 1942 276 1995 sic
311 1942 479 2009 igitur
515 1942 722 1995 debent
758 1942 904 1995 venti
942 1958 1161 2009 quoque
1199 1942 1415 1995 flamina
1448 1943 1597 2009 ferri,
1828 1956 1901 1995 290

201 2035 340 2086 quae
379 2017 545 2071 veluti
584 2017 822 2070 validum
858 2034 980 2071 cum
1019 2018 1219 2071 flumen
1256 2017 1595 2087 procubuere

201 2095 503 2163 quamlibet
537 2095 589 2147 in
629 2098 858 2163 partem,
897 2094 1130 2147 trudunt
1168 2112 1256 2147 res
1291 2100 1419 2148 ante
1455 2100 1733 2163 ruuntque

200 2171 496 2239 impetibus
531 2171 750 2235 crebriS‚
787 2170 1062 2225 interdum
1104 2171 1307 2224 vertice
1342 2174 1491 2223 torto

200 2247 499 2316 corripiunt
535 2246 836 2315 lapideque
872 2248 1073 2299 rotanti
1113 2246 1335 2299 turbine
1371 2250 1607 2313 portant.

199 2341 368 2393 quare
404 2324 566 2377 etiam
605 2330 774 2391 atque
810 2324 974 2377 etiam
1013 2327 1140 2376 sunt
1176 2323 1325 2376 venti
1361 2339 1593 2391 corpora<
1622 2340 1795 2391 caeca,
1830 2338 1901 2377 ωδ

25 2396 135 2449 ts·
201 2400 642 2469 quandoquidem
679 2399 838 2453 factis
876 2403 934 2453 ct
971 2398 1212 2451 moribus
1248 2398 1462 2451 aemula
1496 2400 1709 2467 magnis

25 2466 450 2530 §wunnibus
485 2477 848 2541 inveniuntur,
888 2478 1080 2543 aperto
1115 2491 1343 2543 corpore
1378 2475 1471 2543 qui
1508 2480 1649 2528 sunt.

201 2556 319 2605 tum
356 2569 518 2621 porro
556 2552 728 2603 varios
765 2568 946 2604 rerum
985 2542 1249 2603 sentimus
1284 2549 1481 2602 odores

204 2645 302 2681 nce
338 2632 521 2681 tamen
557 2626 629 2678 ad
667 2628 809 2678 naris
848 2626 1112 2695 venientis
1148 2626 1417 2678 cernimus
1450 2640 1726 2693 umquam,

42 2694 303 2759 hadssnce
337 2702 540 2757 calidos
576 2707 761 2755 aestus
799 2702 1004 2753 tuimur
1039 2717 1139 2753 nee
1174 2701 1375 2767 frigora
1410 2700 1628 2769 quimus
1834 2714 1907 2755 300

204 2795 467 2847 usurpare
503 2777 670 2831 oculis
706 2793 804 2829 nec
840 2792 998 2829 voces
1031 2792 1256 2829 cernere
1291 2792 1509 2830 suemus
1526 2797 1539 2840 ;

205 2873 344 2923 quae
381 2860 566 2909 tamen
601 2852 780 2907 onmia
815 2868 1076 2920 corporea
1111 2855 1362 2906 constare
1398 2854 1676 2905 necessest

26 2982 28 2989 ,
208 2937 417 2996 natura,
455 2930 710 2998 quoniam
747 2945 936 2983 sensus
969 2928 1232 2998 inpellere
1266 2933 1508 2997 possunt.

26 3016 30 3045 ¹
207 3010 436 3075 tangere
470 3006 614 3059 enim
653 3010 714 3059 et
750 3006 914 3073 tangi,
951 3006 1052 3059 nisi
1090 3022 1303 3073 corpuS,
1341 3004 1488 3057 nulla
1522 3006 1710 3073 potest
1744 3021 1846 3057 res,
1960 3052 1968 3059 .

39 3075 446 3155 v-Ast‘z-denique
483 3081 788 3150 fluctifrago
823 3098 1119 3150 suspensae
1159 3081 1212 3134 in
1251 3082 1411 3135 litore
1446 3084 1629 3135 vestes
1837 3096 1909 3134 305

207 3164 484 3219 uveseunt,
524 3158 746 3212 caedem
786 3157 1075 3227 dispansae
1111 3159 1167 3211 in
1205 3158 1317 3213 sole
1354 3160 1649 3213 serescunt.

25 488 147 647 ἓν

26 3248 30 3384 ἱ
