2259 3550
217 100 331 158 108
1002 87 1144 144 ΙΙΙΙ

204 201 265 256 ,εἰ
302 215 468 263 mare,
504 197 552 250 si
587 198 792 250 terrast
828 191 998 260 cordi,
1032 191 1078 244 si
1115 188 1354 256 denique
1389 186 1629 240 caehmss

218 279 518 332 conventus
554 272 826 325 homiuum
864 284 1119 338 pompam
1159 265 1402 319 convivia
1439 279 1665 333 pugnas,

216 353 395 409 omnia
431 350 534 404 sub
573 347 809 401 verbone
846 348 999 399 creat
1036 350 1234 396 natura
1268 342 1571 412 paratque?
1847 351 1920 393 785

217 447 341 485 cum
376 425 703 498 praesertim
742 422 862 476 aliis
898 419 1090 475 eadem
1124 420 1182 473 in
1216 419 1439 486 regione
1474 418 1699 485 locoque

218 508 375 576 longe
412 502 688 557 dissimilis
725 501 935 554 animus
970 515 1059 552 res
1096 497 1304 566 cogitet
1339 496 1528 549 omnis.

218 584 352 653 quid
388 598 567 652 porro,
605 579 661 631 in
699 593 985 633 numerum
1021 575 1323 646 procedere
1359 589 1482 626 cum
1520 571 1809 626 simulacra

220 660 489 714 cernimus
522 658 579 710 in
616 655 817 710 somnis
853 658 911 706 et
946 653 1131 706 mollia
1167 652 1414 706 membra
1447 665 1680 716 movere,

220 737 418 804 mollia,
456 733 729 788 mobiliter
763 747 887 785 cum
925 731 1152 784 alternis
1189 728 1444 782 bracchia
1478 728 1706 780 mittunt
1853 735 1928 777 πο

222 818 280 866 et
315 813 562 867 referunt
598 810 769 863 oculis
802 813 1019 878 gestum
1056 809 1200 878 pede
1237 804 1610 860 convenienti?

222 891 428 944 seilicet
463 891 584 942 arte
621 887 847 942 madent
885 886 1176 938 simulacra
1213 889 1271 938 et
1309 883 1472 936 docta.
1507 883 1789 947 vagantur,

225 969 489 1020 nocturno
523 965 705 1018 facere
740 968 804 1017 ut
838 963 1048 1031 possint
1082 963 1140 1015 in
1177 965 1426 1031 tempore
1461 957 1635 1011 ludos.

224 1059 293 1096 an
329 1042 502 1110 magis
536 1039 672 1094 illud
708 1040 815 1092 erit
850 1041 1073 1093 verum?
1112 1039 1242 1106 quia
1275 1041 1524 1105 tempore
1557 1034 1611 1085 in
1645 1045 1768 1098 uno,

224 1136 349 1172 cum
386 1118 649 1172 sentimus
685 1117 758 1182 id,
796 1120 1015 1182 etcum
1052 1132 1158 1168 vox
1197 1113 1469 1168 emittitur
1502 1125 1626 1175 una,
1855 1117 1928 1158 795

228 1203 477 1264 tempora
510 1194 685 1247 multa
721 1193 909 1259 latent,
946 1191 1087 1245 ratio
1124 1208 1267 1260 quae
1305 1186 1576 1256 comperit
1609 1199 1745 1250 esse,

226 1275 519 1341 propterea
554 1270 619 1323 fit
652 1270 735 1323 uti
772 1269 961 1338 quovis
992 1269 1051 1321 in
1086 1271 1336 1336 tempore
1369 1277 1621 1338 quaeque

228 1351 447 1418 praesto
484 1347 594 1400 sint
631 1345 920 1399 simulacra
954 1345 1085 1398 locis
1121 1345 1178 1397 in
1217 1343 1447 1412 quisque
1481 1340 1690 1406 parata.

228 1441 385 1472 TANTA
406 1439 715 1472 MOBILITASST
734 1439 792 1470 ΕΤ
812 1437 982 1470 RERUM
1002 1437 1142 1469 coPIA
1162 1435 1321 1468 TANTA

232 1509 324 1542 HOC
345 1508 427 1540 UBI
446 1507 601 1540 PRIMA
621 1507 759 1538 PRRIT
778 1506 990 1544 ALIOQUE
1009 1505 1093 1538 EST
1112 1505 1302 1536 ALTERA
1320 1504 1453 1538 NATA
1860 1499 1932 1538 ΒΧ)

233 1577 351 1609 ῙΝΒΕ
370 1576 521 1610 ΒΤΔΤΠ
542 1575 685 1608 PRIOR
712 1575 796 1607 mc
823 1573 1011 1606 GESTUM
1038 1573 1258 1606 MUTASSE
1275 1573 1490 1606 VIDETUR.

234 1635 293 1686 et
328 1631 456 1700 quia
490 1630 674 1685 tenvia
708 1633 849 1696 sunt,
886 1629 989 1682 nisi
1025 1645 1084 1682 sc
1120 1627 1416 1696 contendit,
1453 1632 1614 1683 acute

236 1724 458 1762 cernere
481 1723 587 1759 non
612 1707 755 1774 potis
782 1708 867 1759 est
892 1705 1105 1758 animus
1122 1726 1136 1767 ;
1155 1704 1384 1772 proinde
1407 1705 1587 1758 omnia
1609 1721 1752 1774 quac
1775 1707 1904 1758 sunt

238 1788 525 1855 praetcrea
560 1786 809 1851 pereunt,
845 1782 947 1834 nisi
983 1782 1178 1850 siquae
1213 1780 1291 1837 ad,
1322 1798 1380 1835 se
1415 1782 1534 1849 ipse
1567 1781 1795 1851 paravit.

238 1862 355 1932 ipse
389 1865 551 1931 parat
587 1876 707 1913 sese
742 1874 905 1928 porro
942 1862 1238 1927 speratque
1273 1858 1516 1912 futurum
1864 1868 1936 1910 805

239 1942 303 1993 ut
337 1938 520 1992 videat
556 1936 703 2006 quod
739 1936 1089 2003 consequitur
1124 1950 1242 1988 rem
1279 1952 1581 2003 quamque;
1616 1935 1682 1988 fit
1715 1950 1860 2002 ergo.

239 2031 417 2068 nonne
452 2012 603 2066 vides
638 2011 821 2065 oculos
856 2010 1039 2078 etiam,
1074 2027 1197 2064 cum
1236 2012 1420 2067 tenvia
1454 2028 1594 2079 quae
1628 2013 1757 2064 sunt

240 2107 466 2145 cernere
500 2091 811 2157 coeperunt,
850 2086 1182 2142 contendere
1218 2105 1276 2142 se
1311 2091 1477 2157 atque
1513 2103 1723 2157 parare,

240 2183 341 2221 nec
376 2167 491 2220 sine
526 2182 592 2219 eo
626 2164 747 2219 fieri
782 2180 945 2233 posse
978 2167 1043 2217 ut
1078 2180 1364 2217 cernamus
1399 2164 1592 2219 acute?
1867 2175 1940 2215 sio

242 2247 301 2298 et
335 2246 521 2297 tamen
554 2242 611 2295 in
648 2242 813 2294 rebus
849 2257 1066 2309 quoque
1100 2240 1308 2309 apertis
1343 2256 1568 2295 noscere
1602 2240 1793 2309 possis,

243 2320 289 2373 si
323 2334 430 2373 non
465 2317 721 2372 advertas
756 2317 1009 2384 animum,
1045 2316 1276 2386 proinde
1313 2332 1434 2371 esse
1469 2317 1622 2385 quasi
1658 2315 1804 2369 omni

242 2400 491 2463 tempore
526 2398 793 2449 semotum
830 2393 997 2447 fuerit
1031 2392 1301 2461 longeque
1337 2398 1620 2447 remotum.

244 2488 343 2526 cur
376 2471 544 2539 igitur
580 2471 846 2538 mirumst,
884 2470 1095 2523 animus
1129 2469 1174 2523 si
1211 2473 1396 2531 cetera
1430 2468 1616 2539 perdit

244 2550 629 2617 praeterquam
664 2546 861 2615 quibus
896 2549 982 2599 est
1016 2546 1070 2599 in
1107 2545 1272 2601 rebus
1309 2546 1531 2599 deditus
1563 2545 1716 2613 ipse?
1872 2554 1945 2595 81⁵

245 2623 443 2677 deinde
478 2622 831 2690 adopinamur
866 2622 936 2675 de
972 2622 1138 2689 signis
1173 2622 1408 2675 maxima
1441 2623 1624 2691 parvis

248 2718 311 2755 ac
347 2716 447 2753 nos
480 2699 538 2751 in
570 2698 822 2762 ,fraudem
858 2700 1129 2753 induimus
1164 2700 1532 2753 frustraminis
1565 2696 1710 2767 ipsi]

322 2776 415 2829 Fit
450 2791 665 2845 quoque
697 2779 761 2830 ut
796 2776 1072 2830 interdum
1108 2793 1215 2830 non
1255 2776 1641 2845 suppeditetur
1674 2774 1854 2841 imago

251 2852 494 2906 eiusdem
530 2851 759 2920 generis,
798 2852 896 2906 sed
932 2852 1132 2906 femina
1167 2870 1308 2921 quae
1343 2852 1448 2907 fuit
1483 2854 1628 2919 ante,

251 2930 307 2981 in
342 2927 593 2981 manibus
626 2928 710 2983 vir
743 2929 829 2983 uti
863 2929 1041 2984 faetus
1077 2929 1330 2983 videatur
1365 2929 1576 2996 adesse,
1875 2936 1954 2979 82⁰

252 3007 351 3057 aut
386 3003 491 3056 alia
525 3021 593 3056 ex
628 3004 735 3058 alia
768 3006 933 3059 facies
968 3008 1228 3073 aetasque
1265 3008 1538 3074 sequatur.

254 3078 403 3147 quod
435 3095 507 3133 ne
540 3080 802 3135 miremur
836 3098 997 3150 sopor
1031 3084 1198 3150 atque
1234 3080 1432 3134 oblivia
1466 3082 1675 3135 curant.

325 3152 498 3221 [Illud
534 3154 589 3208 in
623 3156 709 3209 his
742 3156 908 3211 rebus
941 3157 1135 3211 vitium
1172 3160 1456 3210 vementer
1489 3156 1693 3210 avessis
