2259 3550
1009 122 1106 177 VI
1794 122 1902 192 177

192 236 299 286 aut
334 232 393 284 in
430 247 645 300 aquam,
682 231 728 284 si
764 230 913 284 forte
945 229 1097 285 lacus
1132 229 1446 284 substratus
1481 229 1753 287 Avernist.

192 309 247 362 is
283 307 440 362 locus
474 311 563 362 est
598 307 799 360 Cumas
832 310 983 376 aput,
1018 306 1131 359 acri
1167 305 1389 375 sulpure
1423 310 1636 361 montes

193 383 417 454 oppleti
450 382 642 437 calidis
676 381 770 435 ubi
805 381 1019 435 fumant
1054 380 1314 435 fontibus
1333 382 1478 436 aucti
1491 403 1509 447 ·;

194 465 291 514 est
328 463 390 514 et
426 459 729 512 Athenaeis
764 460 819 512 in
854 457 1154 524 moenibuS‚
1189 459 1328 511 arcis
1362 459 1420 510 in
1453 459 1573 527 ipso

194 536 428 602 vertice,
468 535 709 596 Palladis
744 535 817 588 ad.
851 535 1120 604 templum
1158 533 1454 588 Tritonidis
1488 534 1677 600 almae,
1841 549 1912 588 750
2019 557 2024 562 ·

197 629 317 681 quo
352 628 650 681 numquam
687 611 881 681 pennis
916 610 1201 680 appellunt
1234 617 1462 678 corpora
1496 625 1694 666 raucae

195 688 465 754 corniceS‚
500 704 608 741 non
643 704 766 740 cum
801 688 1017 740 fumant
1051 686 1248 740 altaria
1283 686 1454 740 doniS.

193 781 377 832 usque
413 763 554 817 adeo
586 763 821 832 fugitant
855 779 962 816 non
998 763 1109 816 iras
1148 762 1385 816 Palladis
1420 761 1567 816 acris-

193 839 456 908 pervigili
490 855 666 906 causa,
704 839 929 893 Graium
966 843 1030 894 ut
1064 839 1310 893 cecinere
1345 843 1554 908 poetae,

194 915 304 970 sed
340 921 537 970 natura
570 915 673 970 loci
708 932 811 983 ope
846 915 1041 969 sufficit
1073 915 1195 984 ipsa
1229 919 1436 984 suapte.
1839 929 1912 970 755

193 993 258 1046 in
297 992 451 1060 Syria
485 1008 701 1061 quoque
736 991 913 1045 fertur
946 991 1081 1046 item
1117 992 1268 1046 locus
1302 1007 1423 1045 esse
1457 990 1648 1058 videri,

194 1069 573 1138 quadripedes
608 1084 827 1138 quoque
863 1084 971 1137 quo
1007 1067 1167 1122 simul
1201 1085 1266 1122 ac
1299 1069 1529 1135 vestigia
1562 1067 1800 1136 primum

195 1145 507 1213 intulerint,
540 1143 785 1212 graviter
818 1144 901 1198 vis
936 1148 1097 1212 cogat
1131 1144 1416 1201 concidere
1452 1145 1586 1214 ipsa,

198 1221 456 1275 manibus
488 1224 554 1275 ut
588 1221 636 1274 si
670 1220 782 1275 sint
819 1221 957 1274 divis
991 1224 1232 1275 mactata
1267 1224 1510 1290 repente.

198 1298 387 1352 omnia
421 1315 561 1367 quae
594 1297 833 1352 naturali
867 1298 1077 1351 ratione
1112 1301 1395 1365 geruntur,
1838 1311 1911 1351 ⁷⁰0

199 1377 265 1428 et
301 1374 501 1443 quibus
536 1374 722 1428 effiant
754 1373 931 1427 causis
965 1377 1197 1442 apparet
1233 1372 1413 1440 orig03

198 1451 369 1504 ianua
401 1467 473 1504 ne
507 1450 651 1504 forte
686 1448 772 1502 his
808 1448 935 1502 Orci
970 1448 1282 1518 regionibus
1320 1463 1439 1502 esse

200 1525 481 1594 credatur,
514 1529 643 1596 post
677 1525 803 1580 hinc
836 1526 1043 1579 animas
1080 1524 1416 1580 Acheruntis
1450 1525 1506 1578 in
1543 1539 1668 1580 oras

201 1601 407 1656 ducere
440 1601 587 1656 forte
622 1602 755 1656 deos
788 1602 965 1655 manis
999 1601 1212 1656 inferne
1245 1618 1480 1669 reamur,

200 1667 703 1747 naribus‘alipedes
738 1681 803 1732 ut
838 1679 985 1732 cervi
1021 1695 1187 1747 saepe
1223 1680 1490 1749 putantur
1833 1691 1906 1733 761,

204 1754 409 1809 ducere
444 1754 515 1809 de
549 1754 775 1810 latebris
810 1755 1087 1826 serpentia
1122 1756 1299 1811 saecla
1331 1757 1587 1811 ferarum.

203 1832 355 1900 quod
388 1831 587 1901 procul.
613 1848 647 1884 a
679 1848 810 1886 vera
844 1850 1009 1901 quam
1045 1833 1117 1887 sit
1151 1834 1362 1887 ratione
1395 1832 1675 1901 repulsum

202 1908 459 1977 percipe3
492 1924 620 1961 nam
656 1908 726 1961 de
761 1925 822 1962 re
857 1926 1000 1961 nunc
1032 1909 1152 1977 ipsa
1187 1909 1370 1963 dicere
1404 1925 1584 1963 conor.

279 1984 550 2051 Principio
585 1983 689 2035 hoc
724 1982 859 2048 dico,
894 1983 1043 2049 quod
1078 1984 1194 2036 dixi
1231 2001 1395 2053 saepe
1431 2000 1644 2050 quoque
1675 1987 1822 2052 ante,

178 2050 263 2114 'in
298 2062 449 2112 terra
483 2057 742 2124 cuiusque
774 2058 923 2111 modi
958 2074 1142 2111 rerum
1177 2076 1296 2113 esse
1331 2060 1561 2127 figuras;
1833 2073 1906 2115 770

204 2135 393 2201 multa,
430 2133 551 2188 cibo
586 2149 726 2207 quae
762 2137 903 2200 sunt,
938 2134 1140 2203 vitalia,
1176 2136 1472 2205 multaque,
1508 2134 1726 2189 morbos

204 2213 453 2265 incutere
488 2212 547 2265 et
582 2213 816 2265 mortem
851 2226 993 2280 quae
1025 2211 1240 2279 possint
1276 2211 1603 2266 adcelerare.

205 2292 265 2341 et
300 2288 471 2356 magis
506 2303 628 2341 esse
662 2284 783 2339 aliis
816 2285 949 2340 alias
983 2286 1349 2341 animantibus
1384 2291 1542 2356 aptas

206 2380 296 2417 res
329 2362 402 2417 ad
436 2363 569 2417 vitai
602 2363 867 2416 rationem
904 2358 1242 2416 ostendimus
1277 2366 1407 2417 anto

204 2442 433 2510 propter
466 2438 781 2504 dissimilem
815 2442 1067 2493 naturam
1103 2438 1489 2509 dissimilisque
1831 2452 1904 2496 775

206 2518 457 2570 texturas
490 2514 636 2567 inter
670 2530 791 2569 sese
825 2516 1138 2583 primasque
1172 2516 1389 2583 figuras

206 2591 380 2646 multa
414 2593 599 2644 meant
630 2590 847 2644 inimica
879 2607 980 2659 per
1014 2592 1176 2659 auris,
1211 2591 1384 2647 multa
1417 2608 1519 2659 per
1550 2592 1696 2663 ipsas

205 2667 480 2721 insinuant
514 2665 663 2719 naris
694 2666 893 2719 infesta
927 2670 1093 2735 atque
1128 2684 1322 2737 aspera
1358 2668 1569 2736 adactu,

207 2760 309 2798 nec
342 2745 475 2797 sunt·
502 2743 678 2796 multa
710 2758 903 2811 parum
937 2746 1093 2797 tactu
1126 2743 1352 2798 vitanda
1385 2761 1565 2813 neque
1597 2748 1794 2799 autem

210 2823 431 2891 aspectu
464 2817 728 2888 fugienda
762 2834 1066 2888 saporeque
1100 2820 1284 2875 tristia
1318 2837 1460 2890 quae
1494 2821 1620 2875 sint.
1827 2834 1904 2875 780

278 2896 491 2951 Deinde
524 2894 713 2948 videre
747 2894 877 2948 licet
910 2912 1075 2963 quam
1109 2896 1316 2951 multae
1350 2898 1459 2951 sint
1494 2896 1701 2950 homini
1733 2912 1824 2953 res

211 2972 407 3027 acriter
440 2971 642 3025 infesto
678 2986 842 3023 sensu
875 2988 1214 3042 spurcaeque
1247 2990 1579 3042 gravesque3

210 3046 493 3102 arboribus
524 3046 765 3117 primum
799 3048 965 3101 certis
997 3049 1182 3116 gravis
1215 3048 1411 3102 umbra
1444 3048 1656 3103 tributa
1685 3086 1692 3093 -

213 3140 383 3193 usque
416 3123 572 3192 adeo,
606 3123 805 3195 capitis
834 3123 1041 3179 faciant
1073 3128 1139 3180 ut
1173 3141 1337 3195 saepe
1372 3124 1602 3193 dolores,

216 3196 381 3321 siquis
415 3214 509 3252 eas
543 3203 735 3269 supter
768 3199 937 3255 iacuit
960 3205 1279 3271 'prostratus
1313 3201 1371 3255 in
1403 3199 1602 3257 herbis.
1829 3216 1902 3259 765
