2259 3550
367 95 477 154 176
1153 91 1252 146 VI

357 197 657 266 conspicias
694 194 934 258 hominis,
969 193 1037 246 fit
1069 199 1136 246 ut
1168 193 1346 246 omnis
1379 192 1563 246 dicere
1598 209 1793 246 causas

358 271 644 327 conveniat
678 270 791 337 leti,
829 268 1045 322 dicatur
1081 273 1144 322 ut
1179 269 1325 322 illius
1361 285 1480 320 una.

357 365 485 401 nam
520 363 698 413 neque
734 361 858 399 eum
893 345 1039 398 ferro
1075 361 1176 398 nec
1211 345 1413 411 frigore
1451 345 1666 396 vincere
1703 345 1892 412 possis

356 423 626 478 interiisse
661 437 840 489 neque
876 438 909 473 a
944 419 1136 472 morbo
1171 436 1349 486 neque
1384 420 1530 476 forte
1567 436 1790 485 venene,

356 516 545 554 verum
571 496 777 565 aliquid
797 511 999 562 genere
1024 512 1144 549 esse
1169 513 1236 548 ex
1261 495 1362 549 hoc
1387 495 1536 565 quod
1559 495 1792 563 contigit
1814 496 1870 548 ei
2023 514 2102 554 πο

320 576 569 666 Qeimus.
606 574 741 628 item
776 572 833 624 in
866 569 1051 624 multis
1085 573 1190 625 hoc
1225 571 1391 625 rebus
1426 571 1611 626 dicere
1644 570 1939 628 habemus„

104 577 446 812 Maec·
427 652 585 704 Nilus
620 651 672 702 in
710 650 976 702 aestatem
1012 648 1211 701 crescit
1245 647 1560 716 campisque
1596 646 1895 717 redundat,

394 728 548 780 nicus
582 728 637 780 in
672 723 837 778 terris
876 723 1115 791 Aegypti
1153 725 1324 776 totius
1361 723 1549 776 amnis.

356 804 403 856 is
438 804 582 872 rigat
620 803 933 870 Aegyptum
970 799 1210 854 medium
1247 817 1347 870 per
1383 815 1546 868 saepe
1581 799 1832 867 calorem,

356 883 454 932 aut
490 880 619 947 quia
654 881 780 931 sunt
816 880 1027 930 aestate
1062 876 1346 944 aquilones
1381 877 1524 929 ostia
1558 879 1764 942 contra,
2007 889 2093 932 715

182 887 328 1018 Ψ),
356 955 483 1008 anni
516 959 765 1022 tempore
800 969 866 1006 eo
902 953 994 1020 qui
1030 952 1237 1006 etesiae
1273 969 1392 1006 esse
1428 953 1693 1018 feruntur,

356 1035 416 1084 et
450 1035 641 1085 contra
674 1029 896 1082 fluvium
932 1029 1129 1082 flantes
1165 1031 1512 1082 remorantur
1547 1031 1606 1082 et
1640 1027 1816 1080 undas

354 1111 612 1175 cogentes
646 1123 833 1160 sursus
870 1106 1085 1174 replent
1120 1108 1431 1174 coguntque
1471 1121 1704 1158 manere.

355 1200 480 1237 nam
515 1183 683 1237 dubio
716 1182 905 1251 procul
942 1181 1077 1235 haec
1111 1179 1343 1234 adverso
1380 1181 1553 1233 flabra
1587 1180 1837 1243 feruntur

355 1260 590 1324 flumine,
626 1276 765 1328 quae
799 1259 999 1326 gelidis
1034 1258 1105 1311 ab
1142 1257 1316 1311 stellis
1351 1257 1470 1310 axis
1505 1261 1758 1324 aguntur.
1999 1271 2083 1310 ’γῇ
2162 1275 2163 1278 ’

352 1336 445 1390 ille
482 1352 549 1389 ex
568 1335 843 1404 ‚aestifera
879 1335 1023 1403 parti
1060 1334 1214 1387 venit
1249 1334 1422 1386 amnis
1459 1332 1529 1386 ab
1565 1337 1768 1400 austm,
2162 1361 2163 1370 ι

352 1412 497 1466 inter
530 1413 687 1480 nigra
722 1410 899 1464 virum
935 1414 1189 1480 percocto
1226 1409 1402 1462 saecla
1437 1409 1616 1463 colore
1663 1451 1666 1456 .

354 1489 605 1542 exoriens
640 1488 860 1558 penitus
895 1485 1079 1540 media
1114 1486 1184 1539 ab
1221 1486 1442 1554 regione
1478 1485 1601 1538 diei.

353 1567 441 1618 est
476 1581 691 1632 quoque
725 1563 808 1616 uti
842 1563 1015 1631 possit
1048 1578 1278 1630 magnus
1313 1565 1603 1629 congestus
1638 1561 1872 1614 harenae

352 1639 608 1693 fluetibus
643 1639 887 1692 adversis
923 1639 1168 1708 oppilare
1205 1638 1344 1691 ostia
1378 1641 1584 1705 contra,
1992 1651 2072 1691 725

352 1732 477 1768 cum
511 1732 663 1768 mare
696 1718 1002 1783 permotum
1038 1714 1215 1767 ventis
1251 1715 1362 1767 ruit
1396 1714 1547 1768 intus
1579 1713 1871 1779 harenam3

353 1809 460 1860 quo
496 1792 561 1845 fit
594 1792 678 1844 uti
713 1794 875 1859 pacto
912 1791 1048 1843 liber
1083 1790 1262 1843 minus
1299 1792 1481 1845 exitus
1515 1790 1662 1843 amni

352 1872 410 1921 et
446 1868 698 1937 proclivis
732 1866 863 1920 item
902 1866 999 1920 fiat
1033 1868 1213 1920 minus
1246 1866 1486 1935 impetus
1520 1866 1694 1919 undis.

351 1944 416 1999 fit
452 1961 667 2013 quoque
702 1944 783 1997 uti
818 1943 1032 2011 pluviae
1068 1944 1250 1997 forsan
1286 1944 1460 2011 magis
1496 1942 1569 1995 ad
1603 1944 1768 2010 caput
1803 1942 1854 1995 ei

350 2024 599 2089 tempore
635 2037 699 2073 eo
736 2020 881 2085 fiant,
916 2020 1063 2087 quod
1098 2020 1273 2073 etesia.
1308 2018 1481 2071 flabra
1517 2018 1826 2086 aquilonum
1986 2034 2062 2073 730

350 2096 533 2149 nubila
569 2096 839 2149 coniciimt
873 2096 928 2147 in
965 2112 1058 2148 eas
1093 2098 1224 2149 tune
1261 2095 1442 2148 omnia
1476 2094 1661 2164 partis

350 2171 558 2225 seilicet
594 2172 666 2225 ad
701 2171 938 2224 mediam
974 2170 1252 2238 regionem
1289 2171 1465 2223 eiecta
1500 2171 1643 2224 diei·

349 2265 473 2302 eum
508 2250 891 2313 convenerunt,
926 2246 1002 2299 ibi
1040 2247 1110 2300 ad
1147 2246 1288 2300 altos
1325 2244 1563 2315 denique
1597 2246 1798 2299 montis

347 2323 635 2378 contrusae
669 2323 842 2376 nubes
877 2325 1146 2390 eoguntur
1181 2322 1340 2391 vique
1377 2326 1716 2392 premuntur.

346 2400 573 2453 forsitan
611 2399 943 2467 Aethiopum
977 2399 1196 2467 penitus
1233 2399 1302 2453 de
1338 2399 1615 2454 montibus
1650 2399 1776 2452 altis
1983 2414 2056 2455 735

346 2480 572 2542 crescat,
608 2475 701 2529 ubi
735 2476 792 2529 in
828 2492 1047 2544 campos
1082 2475 1234 2529 albas
1270 2475 1606 2530 descendere
1642 2475 1871 2543 ningues

295 2551 580 2605 tabificis
618 2550 823 2620 subigit
858 2552 1028 2605 radiis
1064 2552 1144 2604 sol
1180 2551 1360 2604 omnia
1393 2551 1648 2605 lustrans.

417 2628 469 2680 N
472 2645 577 2682 une
597 2644 713 2695 age,
735 2632 822 2681 Av
825 2644 956 2682 erna
974 2627 1074 2681 tibi
1094 2644 1234 2695 quae
1255 2628 1363 2681 sint
1381 2626 1500 2681 loca
1517 2643 1750 2696 cumque
1765 2627 2028 2696 lacusque

101 2696 217 2812 ψ
346 2703 649 2773 expediam,
688 2704 835 2770 quali
869 2709 1068 2757 natura
1102 2703 1356 2773 praedita
1391 2707 1659 2758 constent.

100 2676 358 2893 st
262 2748 626 2851 &principiq
662 2796 769 2848 quo
807 2782 1029 2833 Averna
1062 2785 1328 2833 vocantur
1362 2780 1594 2847 nomine,
1628 2778 1688 2832 id
1723 2778 1794 2831 ab
1827 2795 1890 2832 re
1973 2794 2042 2833 740

342 2857 707 2925 inpositumst‚
742 2856 869 2925 quia
904 2859 1032 2910 sunt
1064 2855 1255 2909 avibus
1289 2858 1562 2911 contraria
1595 2855 1818 2924 cunctis,

130 2831 260 3049 ὅ
344 2950 377 2986 e
412 2934 633 3001 regione
668 2948 735 2987 ea
770 2931 920 3002 quod
957 2932 1075 2986 loca
1109 2950 1234 2986 eum
1271 2949 1471 2987 venere
1505 2933 1766 2998 volanteS,

112 2984 248 3129 W
344 3009 539 3075 remigi
574 3009 778 3063 oblitae
811 3023 1113 3077 pennarum
1150 3010 1270 3062 vela
1303 3010 1595 3062 remittunt

112 3046 359 3248 ‘js‘
342 3085 782 3152 praecipitesque
816 3083 1023 3138 eadunt
1056 3084 1207 3137 molli
1243 3085 1452 3138 cervice
1486 3083 1738 3151 profusae

343 3159 399 3210 in
435 3161 655 3224 terram,
694 3160 739 3211 si
774 3160 917 3212 forte
950 3160 1029 3211 ita
1064 3160 1171 3213 fert
1206 3162 1401 3212 natura
1436 3157 1690 3223 locorum,
1969 3172 2033 3213 ⁷45

98 2950 120 3001 Ὗ
